<!DOCTYPE html>
<html lang="nb">
  <head>
    <meta charset="utf-8" />
    <meta name="viewport" content="width=device-width" />
    <meta name="application-name" content="Oda" />
    <meta name="apple-mobile-web-app-title" content="Oda" />
    <meta property="og:site_name" content="Oda" />
    <meta name="apple-itunes-app" content="app-id=1079537578" />
    <title>Panko Breadcrumbs - Oda</title>
    <meta
      name="description"
      content="Bestill Panko Breadcrumbs og andre matvarer fra Oda til døren din. Vi har det bredeste og mest prisgunstige utvalget av leveringstidspunkter med priser som starter fra 0 kr!"
    />
    <meta property="og:type" content="website" />
    <meta property="og:title" content="Panko Breadcrumbs - Oda" />
    <meta
      property="og:description"
      content="Bestill Panko Breadcrumbs og andre matvarer fra Oda til døren din. Vi har det bredeste og mest prisgunstige utvalget av leveringstidspunkter med priser som starter fra 0 kr!"
    />
    <meta
      property="og:url"
      content="https://oda.com/no/products/29321-blue-dragon-panko-breadcrumbs/"
    />
    <meta
      property="og:image"
      content="https://bilder.kolonial.no/local_products/76068df9-8718-4081-8728-baed3f122f0e.jpeg?auto=format&amp;fit=max&amp;w=223&amp;s=74189fdd596be56f0ead814019283c30"
    />
    <meta property="og:locale" content="nb_NO" />
    <meta name="twitter:card" content="summary_large_image" />
    <meta name="twitter:title" content="Panko Breadcrumbs - Oda" />
    <meta
      name="twitter:description"
      content="Bestill Panko Breadcrumbs og andre matvarer fra Oda til døren din. Vi har det bredeste og mest prisgunstige utvalget av leveringstidspunkter med priser som starter fra 0 kr!"
    />
    <meta
      name="twitter:image"
      content="https://bilder.kolonial.no/local_products/76068df9-8718-4081-8728-baed3f122f0e.jpeg?auto=format&amp;fit=max&amp;w=223&amp;s=74189fdd596be56f0ead814019283c30"
    />
    <link
      rel="canonical"
      href="https://oda.com/no/products/29321-blue-dragon-panko-breadcrumbs/"
    />
    <script type="application/ld+json">
      {
        "@context": "https://schema.org",
        "@type": "Product",
        "name": "Panko Breadcrumbs",
        "image": [
          "https://bilder.kolonial.no/local_products/76068df9-8718-4081-8728-baed3f122f0e.jpeg?auto=format&amp;fit=max&amp;w=280&amp;s=5d4fc17922b12abb89919b18439d614b"
        ],
        "brand": "Blue Dragon",
        "offers": {
          "@type": "Offer",
          "url": "https://oda.com/no/products/29321-blue-dragon-panko-breadcrumbs/",
          "itemCondition": "https://schema.org/NewCondition",
          "priceCurrency": "NOK",
          "price": "73.00",
          "availability": "https://schema.org/InStock"
        }
      }
    </script>
    <script type="application/ld+json">
      {
        "@context": "https://schema.org",
        "@type": "BreadcrumbList",
        "itemListElement": [
          {
            "@type": "ListItem",
            "position": 1,
            "name": "Hjem",
            "item": "https://oda.com/no/"
          },
          {
            "@type": "ListItem",
            "position": 2,
            "name": "Alle produkter",
            "item": "https://oda.com/no/products/"
          },
          {
            "@type": "ListItem",
            "position": 3,
            "name": "Middager og tilbehør",
            "item": "https://oda.com/no/categories/32-middager-og-tilbehor/"
          },
          {
            "@type": "ListItem",
            "position": 4,
            "name": "Asiatisk",
            "item": "https://oda.com/no/categories/32-middager-og-tilbehor/448-asiatisk/"
          },
          {
            "@type": "ListItem",
            "position": 5,
            "name": "Wok",
            "item": "https://oda.com/no/categories/32-middager-og-tilbehor/448-asiatisk/450-wok/"
          },
          {
            "@type": "ListItem",
            "position": 6,
            "name": "Panko Breadcrumbs",
            "item": "https://oda.com/no/products/29321-blue-dragon-panko-breadcrumbs/"
          }
        ]
      }
    </script>
    <meta name="next-head-count" content="21" />
    <link rel="dns-prefetch" href="https://cdn.sanity.io/" />
    <link rel="dns-prefetch" href="https://1teetjp9.apicdn.sanity.io" />
    <link rel="dns-prefetch" href="https://spc.oda.com" />
    <link rel="dns-prefetch" href="https://assets.oda.com" />
    <link rel="icon" type="image/png" href="/favicons/oda/favicon.png?v=1" />
    <link
      rel="icon"
      href="/favicons/oda/favicon.svg?v=1"
      type="image/svg+xml"
    />
    <link
      rel="apple-touch-icon"
      href="/favicons/oda/apple-touch-icon.png?v=1"
    />
    <link
      rel="preload"
      href="https://assets.oda.com/_next/static/media/Inter-roman.var.20c8da8a.woff2"
      as="font"
      type="font/woff2"
      crossorigin="anonymous"
    />
    <link
      rel="preload"
      href="https://assets.oda.com/_next/static/media/copernicus-bold.26f76a25.woff2"
      as="font"
      type="font/woff2"
      crossorigin="anonymous"
    />
    <link rel="dns-prefetch" href="https://www.googletagmanager.com/" />
    <link data-next-font="" rel="preconnect" href="/" crossorigin="anonymous" />
    <link
      rel="preload"
      href="https://assets.oda.com/_next/static/css/6fca4125694e6fe0.css"
      as="style"
    />
    <link
      rel="stylesheet"
      href="https://assets.oda.com/_next/static/css/6fca4125694e6fe0.css"
      data-n-g=""
    />
    <link
      rel="preload"
      href="https://assets.oda.com/_next/static/css/158cd880d5e7aded.css"
      as="style"
    />
    <link
      rel="stylesheet"
      href="https://assets.oda.com/_next/static/css/158cd880d5e7aded.css"
      data-n-p=""
    />
    <link
      rel="preload"
      href="https://assets.oda.com/_next/static/css/68c73545d07c551c.css"
      as="style"
    />
    <link
      rel="stylesheet"
      href="https://assets.oda.com/_next/static/css/68c73545d07c551c.css"
      data-n-p=""
    />
    <noscript data-n-css=""></noscript>
    <script
      defer=""
      nomodule=""
      src="https://assets.oda.com/_next/static/chunks/polyfills-78c92fac7aa8fdd8.js"
    ></script>
    <script
      src="https://assets.oda.com/_next/static/chunks/webpack-6a0efa4fd043ddc4.js"
      defer=""
    ></script>
    <script
      src="https://assets.oda.com/_next/static/chunks/framework-fec6019ebfa6a4c8.js"
      defer=""
    ></script>
    <script
      src="https://assets.oda.com/_next/static/chunks/main-66c30a54ff9dbfdc.js"
      defer=""
    ></script>
    <script
      src="https://assets.oda.com/_next/static/chunks/pages/_app-0edb1c414f3802a6.js"
      defer=""
    ></script>
    <script
      src="https://assets.oda.com/_next/static/chunks/5938-74b7113e06f4eee6.js"
      defer=""
    ></script>
    <script
      src="https://assets.oda.com/_next/static/chunks/8608-621e1f9f96ccbd42.js"
      defer=""
    ></script>
    <script
      src="https://assets.oda.com/_next/static/chunks/7136-a271457c8bc20c46.js"
      defer=""
    ></script>
    <script
      src="https://assets.oda.com/_next/static/chunks/4295-5c81537a0bac244b.js"
      defer=""
    ></script>
    <script
      src="https://assets.oda.com/_next/static/chunks/pages/%5Bsite%5D/products/%5BproductSlug%5D-e6b6161356dbca0f.js"
      defer=""
    ></script>
    <script
      src="https://assets.oda.com/_next/static/21e48c23177bf13188bd3b10ecfa4495dd5d7749/_buildManifest.js"
      defer=""
    ></script>
    <script
      src="https://assets.oda.com/_next/static/21e48c23177bf13188bd3b10ecfa4495dd5d7749/_ssgManifest.js"
      defer=""
    ></script>
  </head>
  <body class="kolibri oda-theme">
    <div id="__next">
      <div
        class="styles_dixaFacadeWrapper__VyiBx k-flex k-align-items-center k-justify-content-center"
        id="dixaMessengerFacade"
      >
        <svg
          width="30"
          height="26"
          viewBox="0 0 30 26"
          fill="none"
          xmlns="http://www.w3.org/2000/svg"
        >
          <g id="icon">
            <g id="shape2" opacity="0.7">
              <path
                fill="#FFF"
                fill-rule="evenodd"
                clip-rule="evenodd"
                d="M9.06641 7.57938C10.9648 5.68094 25.6778 5.68094 27.5762 7.57938C29.4746 9.47782 29.4746 18.4954 27.5762 20.3939C27.2418 20.7282 26.5098 20.989 25.5203 21.1813C25.364 22.483 24.8869 24.1092 24.1892 24.5887C22.7263 24.6498 19.7125 23.1522 18.312 21.5801C14.1622 21.4608 10.0149 20.8677 9.06641 19.9192C7.16797 18.0208 7.16797 9.47782 9.06641 7.57938Z"
              ></path>
              <path
                fill="#FFAA1E"
                d="M9.06641 7.57938L9.59674 8.10971L9.06641 7.57938ZM27.5762 20.3939L27.0459 19.8635L27.5762 20.3939ZM25.5203 21.1813L25.3772 20.4451L24.8408 20.5494L24.7757 21.0919L25.5203 21.1813ZM24.1892 24.5887L24.2205 25.338L24.4362 25.329L24.614 25.2068L24.1892 24.5887ZM18.312 21.5801L18.872 21.0812L18.6568 20.8397L18.3335 20.8304L18.312 21.5801ZM9.06641 19.9192L8.53608 20.4496L8.53608 20.4496L9.06641 19.9192ZM28.1065 7.04905C27.7304 6.67292 27.1385 6.42262 26.531 6.23865C25.8931 6.04546 25.1141 5.89052 24.2552 5.76891C22.5349 5.52533 20.4217 5.40555 18.3213 5.40555C16.2209 5.40555 14.1077 5.52533 12.3874 5.76891C11.5285 5.89052 10.7495 6.04546 10.1116 6.23865C9.50406 6.42262 8.91221 6.67292 8.53608 7.04905L9.59674 8.10971C9.69522 8.01123 9.97843 7.84624 10.5463 7.67426C11.0838 7.51149 11.7805 7.3698 12.5976 7.2541C14.2292 7.02307 16.2689 6.90555 18.3213 6.90555C20.3737 6.90555 22.4134 7.02307 24.045 7.2541C24.8621 7.3698 25.5588 7.51149 26.0963 7.67426C26.6642 7.84624 26.9474 8.01123 27.0459 8.10971L28.1065 7.04905ZM28.1065 20.9242C28.7479 20.2828 29.1373 19.1704 29.3784 18.0102C29.6284 16.8069 29.75 15.3896 29.75 13.9866C29.75 12.5837 29.6284 11.1664 29.3784 9.96299C29.1373 8.80285 28.7479 7.69042 28.1065 7.04905L27.0459 8.10971C27.3537 8.41756 27.6762 9.14424 27.9097 10.2682C28.1343 11.3488 28.25 12.6606 28.25 13.9866C28.25 15.3127 28.1343 16.6244 27.9097 17.7051C27.6762 18.829 27.3537 19.5557 27.0459 19.8635L28.1065 20.9242ZM25.6634 21.9176C26.1826 21.8167 26.6569 21.6937 27.0579 21.5429C27.4459 21.397 27.8286 21.2021 28.1065 20.9242L27.0459 19.8635C26.9894 19.92 26.8389 20.0227 26.53 20.1389C26.234 20.2501 25.8476 20.3537 25.3772 20.4451L25.6634 21.9176ZM24.7757 21.0919C24.703 21.6968 24.5558 22.3724 24.352 22.9398C24.2502 23.2231 24.14 23.4635 24.0278 23.6489C23.9116 23.841 23.8173 23.9343 23.7644 23.9706L24.614 25.2068C24.91 25.0034 25.1369 24.7135 25.3113 24.4252C25.4898 24.1302 25.6394 23.7927 25.7636 23.4469C26.0119 22.7559 26.1813 21.9675 26.265 21.2708L24.7757 21.0919ZM24.1579 23.8394C23.6273 23.8615 22.6526 23.5785 21.5663 23.0279C20.5053 22.4902 19.4892 21.774 18.872 21.0812L17.752 22.079C18.5353 22.9583 19.7263 23.777 20.8882 24.3658C22.0246 24.9418 23.2883 25.377 24.2205 25.338L24.1579 23.8394ZM8.53608 20.4496C8.90631 20.8198 9.49017 21.0785 10.0957 21.2754C10.7306 21.4818 11.507 21.656 12.3643 21.8002C14.0813 22.0892 16.1914 22.2695 18.2904 22.3298L18.3335 20.8304C16.2828 20.7715 14.2444 20.5956 12.6132 20.321C11.7964 20.1836 11.0987 20.0242 10.5595 19.8489C9.99101 19.6641 9.70076 19.4929 9.59674 19.3889L8.53608 20.4496ZM8.53608 7.04905C7.89972 7.6854 7.50824 8.76014 7.26547 9.88292C7.01449 11.0437 6.89258 12.4037 6.89258 13.7493C6.89258 15.0949 7.01449 16.4549 7.26547 17.6157C7.50824 18.7385 7.89972 19.8132 8.53608 20.4496L9.59674 19.3889C9.28387 19.076 8.96344 18.371 8.7316 17.2987C8.50797 16.2644 8.39258 15.014 8.39258 13.7493C8.39258 12.4846 8.50797 11.2342 8.7316 10.1999C8.96344 9.12762 9.28387 8.42257 9.59674 8.10971L8.53608 7.04905Z"
              ></path>
            </g>
            <g id="shape1">
              <path
                fill="#FFF"
                fill-rule="evenodd"
                clip-rule="evenodd"
                d="M20.9336 2.83332C19.0352 0.934883 4.32225 0.934883 2.42381 2.83332C0.52537 4.73176 0.52537 13.7494 2.42381 15.6478C2.75825 15.9822 3.49039 16.243 4.48011 16.4354C4.63644 17.737 5.11352 19.3631 5.81122 19.8427C7.27412 19.9038 10.288 18.4061 11.6885 16.834C15.8381 16.7147 19.9851 16.1217 20.9336 15.1732C22.832 13.2747 22.832 4.73176 20.9336 2.83332Z"
              ></path>
              <path
                fill="#FFAA1E"
                d="M20.9336 2.83332L20.4033 3.36365L20.9336 2.83332ZM2.42381 15.6478L1.89348 16.1781L1.89348 16.1781L2.42381 15.6478ZM4.48011 16.4354L4.62319 15.6991L5.1596 15.8034L5.22476 16.3459L4.48011 16.4354ZM5.81122 19.8427L5.77991 20.592L5.56428 20.583L5.38641 20.4607L5.81122 19.8427ZM11.6885 16.834L11.1285 16.3351L11.3436 16.0936L11.6669 16.0843L11.6885 16.834ZM20.9336 15.1732L21.4639 15.7035L20.9336 15.1732ZM1.89348 2.30299C2.26961 1.92686 2.86146 1.67657 3.46897 1.49259C4.10689 1.2994 4.88592 1.14446 5.74475 1.02286C7.46508 0.779271 9.57826 0.659492 11.6787 0.659492C13.7791 0.659492 15.8923 0.779271 17.6126 1.02286C18.4715 1.14446 19.2505 1.2994 19.8884 1.49259C20.4959 1.67657 21.0878 1.92686 21.4639 2.30299L20.4033 3.36365C20.3048 3.26517 20.0216 3.10018 19.4537 2.9282C18.9162 2.76543 18.2195 2.62374 17.4024 2.50804C15.7708 2.27702 13.7311 2.15949 11.6787 2.15949C9.62631 2.15949 7.58665 2.27702 5.95504 2.50804C5.13791 2.62374 4.4412 2.76543 3.90372 2.9282C3.33583 3.10018 3.05262 3.26517 2.95414 3.36365L1.89348 2.30299ZM1.89348 16.1781C1.25211 15.5368 0.86269 14.4243 0.621622 13.2642C0.371571 12.0608 0.249979 10.6435 0.249979 9.24056C0.249979 7.8376 0.371571 6.42031 0.621622 5.21693C0.86269 4.0568 1.25211 2.94436 1.89348 2.30299L2.95414 3.36365C2.64629 3.6715 2.32379 4.39818 2.09025 5.5221C1.86569 6.60279 1.74998 7.91451 1.74998 9.24056C1.74998 10.5666 1.86569 11.8783 2.09025 12.959C2.32379 14.0829 2.64629 14.8096 2.95414 15.1175L1.89348 16.1781ZM4.33703 17.1716C3.81776 17.0707 3.34338 16.9477 2.94229 16.7969C2.5542 16.651 2.17147 16.4561 1.89348 16.1781L2.95414 15.1175C3.0106 15.1739 3.16116 15.2767 3.47017 15.3929C3.7662 15.5041 4.15275 15.6077 4.62319 15.6991L4.33703 17.1716ZM5.22476 16.3459C5.29741 16.9509 5.44468 17.6264 5.64849 18.1938C5.75027 18.4771 5.86049 18.7175 5.97263 18.9029C6.08881 19.095 6.18314 19.1882 6.23604 19.2246L5.38641 20.4607C5.09046 20.2573 4.86352 19.9675 4.68912 19.6791C4.5107 19.3841 4.36105 19.0467 4.23681 18.7009C3.98857 18.0099 3.81914 17.2216 3.73546 16.5248L5.22476 16.3459ZM5.84253 19.0933C6.37315 19.1155 7.34783 18.8324 8.43419 18.2818C9.49514 17.7441 10.5113 17.0279 11.1285 16.3351L12.2485 17.3329C11.4652 18.2122 10.2741 19.0309 9.11231 19.6198C7.97588 20.1958 6.71219 20.631 5.77991 20.592L5.84253 19.0933ZM21.4639 15.7035C21.0937 16.0737 20.5099 16.3324 19.9043 16.5293C19.2695 16.7357 18.4932 16.9099 17.6359 17.0541C15.919 17.3431 13.809 17.5234 11.7101 17.5837L11.6669 16.0843C13.7176 16.0254 15.7559 15.8495 17.387 15.575C18.2038 15.4375 18.9014 15.2781 19.4406 15.1028C20.009 14.918 20.2992 14.7469 20.4033 14.6429L21.4639 15.7035ZM21.4639 2.30299C22.1003 2.93935 22.4918 4.01408 22.7345 5.13686C22.9855 6.29768 23.1074 7.65762 23.1074 9.00325C23.1074 10.3489 22.9855 11.7088 22.7345 12.8696C22.4918 13.9924 22.1003 15.0672 21.4639 15.7035L20.4033 14.6429C20.7161 14.33 21.0366 13.6249 21.2684 12.5526C21.492 11.5184 21.6074 10.268 21.6074 9.00325C21.6074 7.73853 21.492 6.48812 21.2684 5.45386C21.0366 4.38157 20.7161 3.67652 20.4033 3.36365L21.4639 2.30299Z"
              ></path>
            </g>
          </g>
        </svg>
      </div>
      <div
        class="MainOuterLayout_layout__qE_w5 k-flex k-flex--direction-column"
      >
        <div
          aria-hidden="true"
          class="pageTransition_pageTransition__bALwv pageTransition_pageTransition--idle__V7Ht0"
        ></div>
        <header data-testid="default" class="">
          <div
            class="NavbarMain_NavbarWrapper__NJHl_ NavbarMain_NavbarWrapper--hideDeliverySlotButton__8tsdi k-grid k-bg--surface-header k-py-3 lg:k-py-4 k-pl-4 md:k-pl-7 k-pr-4 md:k-pr-7 k-align-items-center"
          >
            <div class="NavbarMain_NavbarHamburgerMenu__TO6Ao">
              <div class="MegaMenu_MegaMenuWrapper__Ra7CJ" tabindex="-1">
                <button
                  type="button"
                  data-testid="mega-menu-hamburger-button"
                  aria-label="Kategorier"
                  aria-expanded="false"
                  aria-controls=":Rlbal6:"
                  class="k-iconbutton k-icon-w32 k-iconbutton--on-header"
                >
                  <svg
                    xmlns="http://www.w3.org/2000/svg"
                    fill="none"
                    viewBox="0 0 16 16"
                    role="presentation"
                  >
                    <path
                      fill-rule="evenodd"
                      d="M3.5 4a.5.5 0 0 1 .5-.5h8a.5.5 0 0 1 0 1H4a.5.5 0 0 1-.5-.5M3.5 8a.5.5 0 0 1 .5-.5h8a.5.5 0 0 1 0 1H4a.5.5 0 0 1-.5-.5M3.5 12a.5.5 0 0 1 .5-.5h8a.5.5 0 0 1 0 1H4a.5.5 0 0 1-.5-.5"
                    ></path>
                  </svg>
                </button>
                <div
                  id=":Rlbal6:"
                  hidden=""
                  role="dialog"
                  data-testid="mega-menu-overlay"
                  class="MegaMenu_MegaMenuOverlay__CO9at"
                >
                  <div
                    class="MegaMenu_MegaMenu__0dKSS k-pl-4 md:k-pl-7 k-pr-4 md:k-pr-7 k-pt-7 k-pb-9"
                  >
                    <div
                      class="MegaMenu_MegaMenuContent__Evmw5 k-flex k-pb-5 k-flex--gap-4 k-flex--direction-column"
                    >
                      <div class="MegaMenu_closeButton__kVYvx">
                        <span
                          class="hidden_md__hide__D3hEl hidden_lg__hide__F0OBk hidden_xl__hide__XeI_u"
                          ><button
                            type="button"
                            aria-label="Lukk"
                            class="k-iconbutton k-icon-w24 styles_CloseButton__Elo7D"
                          >
                            <svg
                              xmlns="http://www.w3.org/2000/svg"
                              fill="none"
                              viewBox="0 0 16 16"
                              role="presentation"
                            >
                              <path
                                fill-rule="evenodd"
                                d="M3.646 3.646a.5.5 0 0 1 .708 0L8 7.293l3.646-3.647a.5.5 0 0 1 .708.708L8.707 8l3.647 3.646a.5.5 0 0 1-.708.708L8 8.707l-3.646 3.647a.5.5 0 0 1-.708-.708L7.293 8 3.646 4.354a.5.5 0 0 1 0-.708"
                              ></path>
                            </svg></button
                        ></span>
                      </div>
                      <div class="MegaMenu_grid__YgO_v">
                        <div
                          class="MegaMenu_pinnedCategories__nK3fg k-flex k-flex--gap-4 k-flex--direction-column"
                        >
                          <h3
                            id=":R6klbal6:"
                            class="k-text-style k-text-style--body-m"
                          >
                            <a
                              class="k-text-style k-text-style--body-m k-text--weight-semi-bold k-text-color--default k-text--none AppLink_AppLink__uXETs"
                              href="/no/products/"
                              >Snarveier</a
                            >
                          </h3>
                          <div class="k-position-relative md:k-position-static">
                            <div
                              class="styles_sm__ScrollableContainer__BvCuX styles_defaultPadding__1yhHr k-flex k-align-items-center"
                            >
                              <ul
                                class="k-flex k-flex--gap-2 k-flex--direction-row md:k-flex--direction-column md:k-box--full-width lg:k-box--full-width xl:k-box--full-width"
                                aria-labelledby=":R6klbal6:"
                              >
                                <li>
                                  <a
                                    class="k-button k-button--large k-button--tertiary k-button--icon-start k-flex k-flex--gap-1 k-box--full-width styles_AppLinkButton__xNpXJ AppLink_AppLink__uXETs"
                                    href="/no/products/news/"
                                    ><span class="k-button__icon"
                                      ><svg
                                        xmlns="http://www.w3.org/2000/svg"
                                        fill="none"
                                        viewBox="0 0 16 16"
                                        role="presentation"
                                      >
                                        <path
                                          fill-rule="evenodd"
                                          d="M8 1.34a.5.5 0 0 1 .5.5v3.491a.5.5 0 1 1-1 0v-3.49a.5.5 0 0 1 .5-.5M8 10.169a.5.5 0 0 1 .5.5v3.49a.5.5 0 1 1-1 0v-3.49a.5.5 0 0 1 .5-.5M10.257 9.286a.5.5 0 0 1 .69-.152l2.633 1.685a.5.5 0 1 1-.539.842l-2.633-1.684a.5.5 0 0 1-.151-.691M5.743 9.286a.5.5 0 0 0-.69-.152L2.42 10.82a.5.5 0 1 0 .539.842l2.633-1.684a.5.5 0 0 0 .151-.691M10.257 6.954a.5.5 0 0 0 .69.152L13.58 5.42a.5.5 0 1 0-.539-.842l-2.633 1.684a.5.5 0 0 0-.151.691M5.743 6.954a.5.5 0 0 1-.69.152L2.42 5.42a.5.5 0 1 1 .539-.842l2.633 1.684a.5.5 0 0 1 .151.691"
                                        ></path></svg></span
                                    ><span
                                      class="k-text-style k-text-style--label-m"
                                      ><span
                                        class="k-text-style k-text-style--body-s k-text--nowrap"
                                        >Nyheter</span
                                      ></span
                                    ></a
                                  >
                                </li>
                                <li>
                                  <a
                                    class="k-button k-button--large k-button--tertiary k-button--icon-start k-flex k-flex--gap-1 k-box--full-width styles_AppLinkButton__xNpXJ AppLink_AppLink__uXETs"
                                    href="/no/products/discounts/"
                                    ><span class="k-button__icon"
                                      ><svg
                                        xmlns="http://www.w3.org/2000/svg"
                                        fill="none"
                                        viewBox="0 0 24 24"
                                        role="presentation"
                                      >
                                        <path
                                          fill-rule="evenodd"
                                          d="M12 1.93a.5.5 0 0 1 .423.234l1.553 2.463 2.576-1.357a.5.5 0 0 1 .732.423l.114 2.91 2.91.113a.5.5 0 0 1 .422.732l-1.357 2.576 2.463 1.553a.5.5 0 0 1 0 .846l-2.462 1.553 1.356 2.576a.5.5 0 0 1-.423.732l-2.91.114-.113 2.91a.5.5 0 0 1-.732.422l-2.576-1.357-1.553 2.463a.5.5 0 0 1-.846 0l-1.553-2.462-2.576 1.356a.5.5 0 0 1-.732-.423l-.114-2.91-2.91-.113a.5.5 0 0 1-.422-.732l1.357-2.576-2.463-1.553a.5.5 0 0 1 0-.846l2.463-1.553L3.27 7.448a.5.5 0 0 1 .423-.732l2.91-.114.113-2.91a.5.5 0 0 1 .732-.422l2.576 1.357 1.553-2.463A.5.5 0 0 1 12 1.931m0 1.438-1.376 2.183a.5.5 0 0 1-.656.176L7.684 4.524l-.1 2.58a.5.5 0 0 1-.48.48l-2.58.1 1.203 2.284a.5.5 0 0 1-.176.656L3.368 12l2.183 1.377a.5.5 0 0 1 .176.656l-1.203 2.283 2.58.1a.5.5 0 0 1 .48.48l.1 2.58 2.284-1.203a.5.5 0 0 1 .656.176L12 20.632l1.377-2.183a.5.5 0 0 1 .656-.176l2.283 1.203.1-2.58a.5.5 0 0 1 .48-.48l2.58-.1-1.203-2.283a.5.5 0 0 1 .176-.656L20.632 12l-2.183-1.376a.5.5 0 0 1-.176-.656l1.203-2.284-2.58-.1a.5.5 0 0 1-.48-.48l-.1-2.58-2.283 1.203a.5.5 0 0 1-.656-.176z"
                                        ></path></svg></span
                                    ><span
                                      class="k-text-style k-text-style--label-m"
                                      ><span
                                        class="k-text-style k-text-style--body-s k-text--nowrap"
                                        >Tilbud</span
                                      ></span
                                    ></a
                                  >
                                </li>
                                <li>
                                  <a
                                    class="k-button k-button--large k-button--tertiary k-button--icon-start k-flex k-flex--gap-1 k-box--full-width styles_AppLinkButton__xNpXJ AppLink_AppLink__uXETs"
                                    href="/no/products/most-purchased/"
                                    ><span class="k-button__icon"
                                      ><svg
                                        xmlns="http://www.w3.org/2000/svg"
                                        fill="none"
                                        viewBox="0 0 16 16"
                                        role="presentation"
                                      >
                                        <path
                                          fill-rule="evenodd"
                                          d="M13.493 2.007a.5.5 0 0 0-.5.5v2.177a5.994 5.994 0 0 0-10.94 2.567.5.5 0 0 0 .992.124 4.994 4.994 0 0 1 9.243-1.935H10.06a.5.5 0 1 0 0 1h3.433a.5.5 0 0 0 .5-.5V2.507a.5.5 0 0 0-.5-.5m.02 6.183a.5.5 0 0 0-.558.435 4.994 4.994 0 0 1-9.243 1.935H5.94a.5.5 0 1 0 0-1H2.507a.5.5 0 0 0-.5.5v3.433a.5.5 0 0 0 1 0v-2.177a5.994 5.994 0 0 0 10.94-2.567.5.5 0 0 0-.434-.559"
                                        ></path></svg></span
                                    ><span
                                      class="k-text-style k-text-style--label-m"
                                      ><span
                                        class="k-text-style k-text-style--body-s k-text--nowrap"
                                        >Dine mest kjøpte varer</span
                                      ></span
                                    ></a
                                  >
                                </li>
                                <li>
                                  <a
                                    class="k-button k-button--large k-button--tertiary k-button--icon-start k-flex k-flex--gap-1 k-box--full-width styles_AppLinkButton__xNpXJ AppLink_AppLink__uXETs"
                                    href="/no/products/"
                                    ><span class="k-button__icon"
                                      ><svg
                                        xmlns="http://www.w3.org/2000/svg"
                                        fill="none"
                                        viewBox="0 0 24 24"
                                        role="presentation"
                                      >
                                        <path
                                          fill-rule="evenodd"
                                          d="M9.882 3.903c0-1.047.85-1.895 1.896-1.895h6.084a1.896 1.896 0 0 1 .691 3.662l1.723 4.83c.396 1.11.599 2.28.599 3.458v5.3a2.733 2.733 0 0 1-2.734 2.734H5.858a2.734 2.734 0 0 1-2.734-2.734v-8.375a.5.5 0 0 1 .5-.5h5.78l1.682-4.714a1.9 1.9 0 0 1-1.204-1.766m1.896-.895a.896.896 0 1 0 0 1.791h6.084a.896.896 0 1 0 0-1.791zm-2.013 8.375H4.124v5.142h1.234v-2.85a.5.5 0 0 1 1 0v2.85h7.375v-5.142zm2.336-5.584-1.635 4.584h3.767a.5.5 0 0 1 .5.5v8.375c0 .635-.22 1.247-.62 1.734h4.028a1.733 1.733 0 0 0 1.734-1.734v-5.3c0-1.064-.183-2.12-.54-3.121l-1.797-5.038zM4.124 17.525v1.733a1.733 1.733 0 0 0 1.734 1.734h6.157a1.734 1.734 0 0 0 1.718-1.734v-1.733H6.358v1.734a.5.5 0 1 1-1 0v-1.734z"
                                        ></path></svg></span
                                    ><span
                                      class="k-text-style k-text-style--label-m"
                                      ><span
                                        class="k-text-style k-text-style--body-s k-text--nowrap"
                                        >Alle produkter</span
                                      ></span
                                    ></a
                                  >
                                </li>
                                <li>
                                  <a
                                    class="k-button k-button--large k-button--tertiary k-button--icon-start k-flex k-flex--gap-1 k-box--full-width styles_AppLinkButton__xNpXJ AppLink_AppLink__uXETs"
                                    href="/no/giftcards/"
                                    ><span class="k-button__icon"
                                      ><svg
                                        xmlns="http://www.w3.org/2000/svg"
                                        fill="none"
                                        viewBox="0 0 24 24"
                                        role="presentation"
                                      >
                                        <path
                                          fill-rule="evenodd"
                                          d="M15.25 6.99a.5.5 0 0 1 .5-.5h3.415A2.836 2.836 0 0 1 22 9.326m0 0 .01 9.837A2.837 2.837 0 0 1 19.174 22l-14.33.002a2.84 2.84 0 0 1-2.006-.83 2.85 2.85 0 0 1-.84-2.006V9.329a2.836 2.836 0 0 1 2.845-2.836H8.25a.5.5 0 1 1 0 1H4.843a1.836 1.836 0 0 0-1.846 1.836v9.837c0 .482.2.95.548 1.298.344.345.811.538 1.298.538L19.174 21a1.837 1.837 0 0 0 1.837-1.836L21 9.327a1.837 1.837 0 0 0-1.836-1.837H15.75a.5.5 0 0 1-.5-.5"
                                        ></path>
                                        <path
                                          fill-rule="evenodd"
                                          d="M15.812 3.043c-.502.106-1.078.415-1.585.921a5.9 5.9 0 0 0-1.707 3.644 5.9 5.9 0 0 0 3.665-1.709c.507-.507.812-1.079.917-1.577.105-.502 0-.865-.21-1.074-.207-.208-.572-.313-1.08-.205m-.208-.979c.713-.151 1.47-.05 1.995.476.525.525.63 1.277.482 1.988-.15.715-.566 1.455-1.188 2.078a6.89 6.89 0 0 1-4.898 2.023.5.5 0 0 1-.498-.5 6.9 6.9 0 0 1 2.024-4.873c.622-.622 1.365-1.039 2.083-1.192"
                                        ></path>
                                        <path
                                          fill-rule="evenodd"
                                          d="M8.388 2.064c.718.153 1.461.57 2.084 1.193a6.9 6.9 0 0 1 2.023 4.872.5.5 0 0 1-.498.5 6.9 6.9 0 0 1-4.898-2.023l-.001-.002c-.617-.622-1.031-1.36-1.182-2.075-.15-.71-.049-1.463.477-1.989s1.283-.627 1.995-.476m-.208.979c-.508-.108-.872-.003-1.08.205s-.313.57-.206 1.073c.105.5.411 1.072.914 1.579a5.9 5.9 0 0 0 3.664 1.708 5.9 5.9 0 0 0-1.707-3.643v-.001c-.507-.506-1.082-.815-1.585-.921M2.2 14.5a.5.5 0 0 1 .5-.5h18.5a.5.5 0 0 1 0 1H2.7a.5.5 0 0 1-.5-.5M2.25 18a.5.5 0 0 1 .5-.5h18.5a.5.5 0 0 1 0 1H2.75a.5.5 0 0 1-.5-.5"
                                        ></path>
                                        <path
                                          fill-rule="evenodd"
                                          d="M12.35 7.854a.5.5 0 0 1 0 .707L9.48 11.433a.5.5 0 1 1-.707-.707l2.872-2.872a.5.5 0 0 1 .707 0"
                                        ></path>
                                        <path
                                          fill-rule="evenodd"
                                          d="M11.646 7.852a.5.5 0 0 1 .707 0l2.922 2.922a.5.5 0 1 1-.707.707L11.646 8.56a.5.5 0 0 1 0-.707"
                                        ></path></svg></span
                                    ><span
                                      class="k-text-style k-text-style--label-m"
                                      ><span
                                        class="k-text-style k-text-style--body-s k-text--nowrap"
                                        >Kjøp gavekort</span
                                      ></span
                                    ></a
                                  >
                                </li>
                              </ul>
                            </div>
                          </div>
                        </div>
                        <div
                          class="MegaMenu_banners__gy4Xo k-flex k-flex--gap-4 k-flex--direction-column"
                        >
                          <h3
                            id=":Raklbal6:"
                            class="k-text-style k-text-style--body-m"
                          >
                            <a
                              class="k-text-style k-text-style--body-m k-text--weight-semi-bold k-text-color--default k-text--none AppLink_AppLink__uXETs"
                              href="/no/products/"
                              >Bli inspirert</a
                            >
                          </h3>
                          <ul
                            class="styles_LinkListColumns__poRZR"
                            aria-labelledby=":Raklbal6:"
                          >
                            <li>
                              <a
                                class="styles_cellContainer__7kzGC k-flex k-border-radius-small AppLink_AppLink__uXETs"
                                href="/no/categories/277-bursdag/"
                                ><div class="styles_cellFade__VnC08">
                                  <span
                                    class="k-text-style k-text-style--body-m k-text--weight-semi-bold styles_cellText__joqSN k-flex k-align-items-center k-justify-content-center"
                                    >Bursdag</span
                                  >
                                </div>
                                <img
                                  class="k-image k-image--cover styles_image__I7wcl"
                                  alt="Bursdag"
                                  loading="lazy"
                                  decoding="async"
                                  src="https://bilder.kolonial.no/pinned_categories/49e02323-b07a-433b-b187-17204d55ec8c.jpg?auto=format&amp;fit=crop&amp;h=690&amp;w=900&amp;s=03c037b20c36624465ef8a8d43f76336"
                              /></a>
                            </li>
                            <li>
                              <a
                                class="styles_cellContainer__7kzGC k-flex k-border-radius-small AppLink_AppLink__uXETs"
                                href="/no/categories/488-mathall/"
                                ><div class="styles_cellFade__VnC08">
                                  <span
                                    class="k-text-style k-text-style--body-m k-text--weight-semi-bold styles_cellText__joqSN k-flex k-align-items-center k-justify-content-center"
                                    >Mathall</span
                                  >
                                </div>
                                <img
                                  class="k-image k-image--cover styles_image__I7wcl"
                                  alt="Mathall"
                                  loading="lazy"
                                  decoding="async"
                                  src="https://bilder.kolonial.no/pinned_categories/acbd1919-ae20-4cf3-8f7b-2917b4a013eb.jpg?auto=format&amp;fit=crop&amp;h=690&amp;w=900&amp;s=af62538404e1163c2acfe39ebaf2d390"
                              /></a>
                            </li>
                            <li>
                              <a
                                class="styles_cellContainer__7kzGC k-flex k-border-radius-small AppLink_AppLink__uXETs"
                                href="/no/categories/462-clas-ohlson/"
                                ><div class="styles_cellFade__VnC08">
                                  <span
                                    class="k-text-style k-text-style--body-m k-text--weight-semi-bold styles_cellText__joqSN k-flex k-align-items-center k-justify-content-center"
                                    >Clas Ohlson</span
                                  >
                                </div>
                                <img
                                  class="k-image k-image--cover styles_image__I7wcl"
                                  alt="Clas Ohlson"
                                  loading="lazy"
                                  decoding="async"
                                  src="https://bilder.kolonial.no/pinned_categories/07c04660-ac5c-44f2-9d64-0d12898bfa5c.jpg?auto=format&amp;fit=crop&amp;h=690&amp;w=900&amp;s=0b3849367b94d0d4eb495ddfaab126a8"
                              /></a>
                            </li>
                            <li>
                              <a
                                class="styles_cellContainer__7kzGC k-flex k-border-radius-small AppLink_AppLink__uXETs"
                                href="/no/categories/564-sprell/"
                                ><div class="styles_cellFade__VnC08">
                                  <span
                                    class="k-text-style k-text-style--body-m k-text--weight-semi-bold styles_cellText__joqSN k-flex k-align-items-center k-justify-content-center"
                                    >Sprell</span
                                  >
                                </div>
                                <img
                                  class="k-image k-image--cover styles_image__I7wcl"
                                  alt="Sprell"
                                  loading="lazy"
                                  decoding="async"
                                  src="https://bilder.kolonial.no/pinned_categories/77ed0edd-3df9-4595-b8ac-a8d16e7e3566.jpg?auto=format&amp;fit=crop&amp;h=690&amp;w=900&amp;s=00329dcedbec980f3b0dda0de7506c35"
                              /></a>
                            </li>
                            <li>
                              <a
                                class="styles_cellContainer__7kzGC k-flex k-border-radius-small AppLink_AppLink__uXETs"
                                href="/no/categories/1416-ark/"
                                ><div class="styles_cellFade__VnC08">
                                  <span
                                    class="k-text-style k-text-style--body-m k-text--weight-semi-bold styles_cellText__joqSN k-flex k-align-items-center k-justify-content-center"
                                    >ARK</span
                                  >
                                </div>
                                <img
                                  class="k-image k-image--cover styles_image__I7wcl"
                                  alt="ARK"
                                  loading="lazy"
                                  decoding="async"
                                  src="https://bilder.kolonial.no/pinned_categories/2bc8d85b-5571-4379-82c9-57af19e5ac5a.jpg?auto=format&amp;fit=crop&amp;h=690&amp;w=900&amp;s=8e5aae1f1773e69d371630647e8841ce"
                              /></a>
                            </li>
                            <li>
                              <a
                                class="styles_cellContainer__7kzGC k-flex k-border-radius-small AppLink_AppLink__uXETs"
                                href="/no/categories/2928-oda-xl-kjop-stort-spar-mer/"
                                ><div class="styles_cellFade__VnC08">
                                  <span
                                    class="k-text-style k-text-style--body-m k-text--weight-semi-bold styles_cellText__joqSN k-flex k-align-items-center k-justify-content-center"
                                    >Oda XL - kjøp stort, spar mer</span
                                  >
                                </div>
                                <img
                                  class="k-image k-image--cover styles_image__I7wcl"
                                  alt="Oda XL - kjøp stort, spar mer"
                                  loading="lazy"
                                  decoding="async"
                                  src="https://bilder.kolonial.no/pinned_categories/4d6bbc88-eb74-4f25-8372-f35337b75c31.jpg?auto=format&amp;fit=crop&amp;h=690&amp;w=900&amp;s=08400d35e1cdbf179722d1cebacf5f3e"
                              /></a>
                            </li>
                            <li>
                              <a
                                class="styles_cellContainer__7kzGC k-flex k-border-radius-small AppLink_AppLink__uXETs"
                                href="/no/categories/401-blomster-og-planter/"
                                ><div class="styles_cellFade__VnC08">
                                  <span
                                    class="k-text-style k-text-style--body-m k-text--weight-semi-bold styles_cellText__joqSN k-flex k-align-items-center k-justify-content-center"
                                    >Blomster og planter</span
                                  >
                                </div>
                                <img
                                  class="k-image k-image--cover styles_image__I7wcl"
                                  alt="Blomster og planter"
                                  loading="lazy"
                                  decoding="async"
                                  src="https://bilder.kolonial.no/pinned_categories/d365d2d2-4c71-41f4-b4f0-1af9793dee54.jpg?auto=format&amp;fit=crop&amp;h=690&amp;w=900&amp;s=7c217af5ea9a47fd6a3a5df0bc73d147"
                              /></a>
                            </li>
                          </ul>
                        </div>
                        <span
                          class="hidden_md__hide__D3hEl hidden_lg__hide__F0OBk hidden_xl__hide__XeI_u"
                          ><div>
                            <a
                              class="k-text-style k-text-style--body-m k-text--none k-link sub-header_navItem__ijHlH k-link--text AppLink_AppLink__uXETs"
                              href="/no/recipes/"
                              ><div
                                class="k-flex k-align-items-center k-flex--gap-2"
                              >
                                <span
                                  class="k-icon k-icon-fill-default k-icon-w20"
                                  ><svg
                                    xmlns="http://www.w3.org/2000/svg"
                                    fill="none"
                                    viewBox="0 0 16 16"
                                    role="presentation"
                                  >
                                    <path
                                      d="M5 1.5a.5.5 0 0 0-1 0v2a.5.5 0 0 0 1 0z"
                                    ></path>
                                    <path
                                      fill-rule="evenodd"
                                      d="M2 4a2.5 2.5 0 0 0 2.014 2.453v1.48q-.21.077-.387.22a1.24 1.24 0 0 0-.46.818l-.51 4.137-.001.001c-.03.25-.001.502.084.738.085.237.223.45.401.629.178.178.393.317.629.412a2 2 0 0 0 1.49 0c.237-.094.452-.234.631-.413.179-.18.317-.394.402-.632a1.6 1.6 0 0 0 .082-.74L5.86 8.97a1.24 1.24 0 0 0-.46-.819 1.4 1.4 0 0 0-.387-.219V6.447A2.5 2.5 0 0 0 7 4V1.5a.5.5 0 0 0-1 0V4a1.5 1.5 0 1 1-3 0V1.5a.5.5 0 0 0-1 0zm2.889 9.96a1 1 0 0 1-.747 0 .9.9 0 0 1-.294-.192.7.7 0 0 1-.167-.259.6.6 0 0 1-.032-.28l.51-4.136v-.004a.25.25 0 0 1 .097-.159.4.4 0 0 1 .258-.086c.103 0 .195.034.258.086.063.05.09.11.096.16l.514 4.136a.6.6 0 0 1-.031.281.7.7 0 0 1-.168.261.9.9 0 0 1-.294.192M10.278 8.954A1.67 1.67 0 0 1 9 7.334V3.71A2.71 2.71 0 0 1 11.71 1h.79a.5.5 0 0 1 .5.5v7.471l.488 4.133c.03.25.002.502-.082.74a1.7 1.7 0 0 1-.402.63 1.9 1.9 0 0 1-.63.414 2 2 0 0 1-1.491 0 1.9 1.9 0 0 1-.629-.412 1.7 1.7 0 0 1-.401-.629 1.6 1.6 0 0 1-.084-.738v-.001zM12 9h-.724q0 .03-.003.06l-.511 4.168a.6.6 0 0 0 .032.281.7.7 0 0 0 .167.26.9.9 0 0 0 .294.19 1 1 0 0 0 .746.001.9.9 0 0 0 .295-.192.7.7 0 0 0 .168-.26.6.6 0 0 0 .031-.282v-.003l-.492-4.164zm-2-5.29c0-.944.766-1.71 1.71-1.71H12v6h-1.333A.667.667 0 0 1 10 7.333z"
                                    ></path></svg></span
                                ><span
                                  class="k-text-style k-text-style--body-m k-text--weight-medium"
                                  >Oppskrifter</span
                                >
                              </div></a
                            >
                            <div class="k-spacer-spacing-3" role="none"></div>
                            <hr class="k-divider k-divider--horizontal" />
                            <div class="k-spacer-spacing-4" role="none"></div>
                            <a
                              class="k-text-style k-text-style--body-m k-text--none k-link sub-header_navItem__ijHlH k-link--text AppLink_AppLink__uXETs"
                              href="/no/about/organization/"
                              ><div
                                class="k-flex k-align-items-center k-flex--gap-2"
                              >
                                <span
                                  class="k-icon k-icon-fill-default k-icon-w20"
                                  ><svg
                                    xmlns="http://www.w3.org/2000/svg"
                                    fill="none"
                                    viewBox="0 0 16 16"
                                    role="presentation"
                                  >
                                    <path
                                      fill-rule="evenodd"
                                      d="M5 3H1.933C1.418 3 1 3.448 1 4v10c0 .552.418 1 .933 1h12.134c.515 0 .933-.448.933-1V4c0-.552-.418-1-.933-1H11v-.4c0-.424-.18-.831-.502-1.131A1.78 1.78 0 0 0 9.286 1H6.714c-.454 0-.89.169-1.212.469S5 2.176 5 2.6zm9.04 3V4a.1.1 0 0 0-.008-.04H1.968A.1.1 0 0 0 1.96 4v2c0 .296.11.568.289.76.176.188.4.28.618.28h10.266a.85.85 0 0 0 .619-.28c.178-.192.288-.464.288-.76M1.96 7.748V14q.001.027.008.04h12.064a.1.1 0 0 0 .008-.04V7.748a1.77 1.77 0 0 1-.907.252H9.48v1.275c0 .378-.208.695-.491.901A1.7 1.7 0 0 1 8 10.48c-.351 0-.708-.1-.989-.304-.283-.206-.491-.523-.491-.901V8H2.867a1.77 1.77 0 0 1-.907-.252M7.48 8v1.275c0 .006.003.057.095.124A.74.74 0 0 0 8 9.52c.18 0 .331-.053.425-.121.092-.067.095-.118.095-.124V8zM5.96 3v-.4c0-.148.062-.304.197-.43a.82.82 0 0 1 .557-.21h2.572c.22 0 .42.082.557.21a.6.6 0 0 1 .197.43V3z"
                                    ></path></svg></span
                                ><span
                                  class="k-text-style k-text-style--body-m k-text--weight-medium"
                                  >For bedrifter</span
                                >
                              </div></a
                            >
                            <div class="k-spacer-spacing-3" role="none"></div>
                            <hr class="k-divider k-divider--horizontal" /></div
                        ></span>
                        <div class="MegaMenu_categories__GzbH5">
                          <span class="k-visually-hidden"
                            ><h3 id=":Riklbal6:">Kategorier</h3></span
                          >
                          <ul
                            class="styles_listColumns__dJS52"
                            aria-labelledby=":Riklbal6:"
                          >
                            <li>
                              <a
                                class="styles_listItem__f7PA3 k-flex k-align-items-center k-justify-content-space-between AppLink_AppLink__uXETs"
                                data-testid="category-list-item"
                                href="/no/categories/20-frukt-og-gront/"
                                ><div
                                  class="k-flex k-align-items-center k-flex--gap-3"
                                >
                                  <div
                                    class="styles_product-image__I_dAU styles_smallRow__QZbr0 k-overflow-hidden k-border-radius-small"
                                  >
                                    <div
                                      class="k-aspect-ratio k-aspect-ratio--1-1"
                                    >
                                      <img
                                        class="k-image k-image--contain"
                                        alt="Frukt og grønt"
                                        loading="lazy"
                                        src="https://bilder.kolonial.no/produkter/4ba60b0c-7b2f-43bb-8883-5732108cbdd6.jpg?auto=format&amp;fit=max&amp;w=100&amp;s=878f9f0b6fee6b949920d413fae5db0c"
                                      />
                                    </div>
                                  </div>
                                  <span
                                    class="k-text-style k-text-style--body-s k-text-color--default"
                                    >Frukt og grønt</span
                                  >
                                </div>
                                <span
                                  class="k-text-style k-text-style--label-xs k-text--weight-medium k-pill k-pill--small k-pill--neutral k-pill--edge-none"
                                  >576</span
                                ></a
                              >
                            </li>
                            <li>
                              <a
                                class="styles_listItem__f7PA3 k-flex k-align-items-center k-justify-content-space-between AppLink_AppLink__uXETs"
                                data-testid="category-list-item"
                                href="/no/categories/1135-bakeri-og-konditori/"
                                ><div
                                  class="k-flex k-align-items-center k-flex--gap-3"
                                >
                                  <div
                                    class="styles_product-image__I_dAU styles_smallRow__QZbr0 k-overflow-hidden k-border-radius-small"
                                  >
                                    <div
                                      class="k-aspect-ratio k-aspect-ratio--1-1"
                                    >
                                      <img
                                        class="k-image k-image--contain"
                                        alt="Bakeri og konditori"
                                        loading="lazy"
                                        src="https://bilder.kolonial.no/local_products/39a7e71f-ca12-46e5-9c6e-cde67b852f31.jpg?auto=format&amp;fit=max&amp;w=100&amp;s=e87b5068b742bf09c741d214d61c371d"
                                      />
                                    </div>
                                  </div>
                                  <span
                                    class="k-text-style k-text-style--body-s k-text-color--default"
                                    >Bakeri og konditori</span
                                  >
                                </div>
                                <span
                                  class="k-text-style k-text-style--label-xs k-text--weight-medium k-pill k-pill--small k-pill--neutral k-pill--edge-none"
                                  >328</span
                                ></a
                              >
                            </li>
                            <li>
                              <a
                                class="styles_listItem__f7PA3 k-flex k-align-items-center k-justify-content-space-between AppLink_AppLink__uXETs"
                                data-testid="category-list-item"
                                href="/no/categories/1044-frokostblandinger-og-musli/"
                                ><div
                                  class="k-flex k-align-items-center k-flex--gap-3"
                                >
                                  <div
                                    class="styles_product-image__I_dAU styles_smallRow__QZbr0 k-overflow-hidden k-border-radius-small"
                                  >
                                    <div
                                      class="k-aspect-ratio k-aspect-ratio--1-1"
                                    >
                                      <img
                                        class="k-image k-image--contain"
                                        alt="Frokostblandinger og müsli"
                                        loading="lazy"
                                        src="https://bilder.kolonial.no/local_products/1988a74f-4132-47ab-8660-9cdd52e2af4a.jpg?auto=format&amp;fit=max&amp;w=64&amp;s=7dc866cfe0e73e588e799fe88c88eca9"
                                      />
                                    </div>
                                  </div>
                                  <span
                                    class="k-text-style k-text-style--body-s k-text-color--default"
                                    >Frokostblandinger og müsli</span
                                  >
                                </div>
                                <span
                                  class="k-text-style k-text-style--label-xs k-text--weight-medium k-pill k-pill--small k-pill--neutral k-pill--edge-none"
                                  >73</span
                                ></a
                              >
                            </li>
                            <li>
                              <a
                                class="styles_listItem__f7PA3 k-flex k-align-items-center k-justify-content-space-between AppLink_AppLink__uXETs"
                                data-testid="category-list-item"
                                href="/no/categories/1283-meieri-ost-og-egg/"
                                ><div
                                  class="k-flex k-align-items-center k-flex--gap-3"
                                >
                                  <div
                                    class="styles_product-image__I_dAU styles_smallRow__QZbr0 k-overflow-hidden k-border-radius-small"
                                  >
                                    <div
                                      class="k-aspect-ratio k-aspect-ratio--1-1"
                                    >
                                      <img
                                        class="k-image k-image--contain"
                                        alt="Meieri, ost og egg"
                                        loading="lazy"
                                        src="https://bilder.kolonial.no/local_products/8abc659d-1340-411f-b4e8-b236a3054b39.jpg?auto=format&amp;fit=max&amp;w=34&amp;s=027f25b80abb50d63d72168e8d4983b4"
                                      />
                                    </div>
                                  </div>
                                  <span
                                    class="k-text-style k-text-style--body-s k-text-color--default"
                                    >Meieri, ost og egg</span
                                  >
                                </div>
                                <span
                                  class="k-text-style k-text-style--label-xs k-text--weight-medium k-pill k-pill--small k-pill--neutral k-pill--edge-none"
                                  >610</span
                                ></a
                              >
                            </li>
                            <li>
                              <a
                                class="styles_listItem__f7PA3 k-flex k-align-items-center k-justify-content-space-between AppLink_AppLink__uXETs"
                                data-testid="category-list-item"
                                href="/no/categories/2872-plantebasert/"
                                ><div
                                  class="k-flex k-align-items-center k-flex--gap-3"
                                >
                                  <div
                                    class="styles_product-image__I_dAU styles_smallRow__QZbr0 k-overflow-hidden k-border-radius-small"
                                  >
                                    <div
                                      class="k-aspect-ratio k-aspect-ratio--1-1"
                                    >
                                      <img
                                        class="k-image k-image--contain"
                                        alt="Plantebasert"
                                        loading="lazy"
                                        src="https://bilder.kolonial.no/local_products/e839b06d-a862-47ac-a464-0195f661aa6e.jpg?auto=format&amp;fit=max&amp;w=32&amp;s=9200e97cb43a79aee5abaf00ec880c52"
                                      />
                                    </div>
                                  </div>
                                  <span
                                    class="k-text-style k-text-style--body-s k-text-color--default"
                                    >Plantebasert</span
                                  >
                                </div>
                                <span
                                  class="k-text-style k-text-style--label-xs k-text--weight-medium k-pill k-pill--small k-pill--neutral k-pill--edge-none"
                                  >150</span
                                ></a
                              >
                            </li>
                            <li>
                              <a
                                class="styles_listItem__f7PA3 k-flex k-align-items-center k-justify-content-space-between AppLink_AppLink__uXETs"
                                data-testid="category-list-item"
                                href="/no/categories/26-kylling-og-kjott/"
                                ><div
                                  class="k-flex k-align-items-center k-flex--gap-3"
                                >
                                  <div
                                    class="styles_product-image__I_dAU styles_smallRow__QZbr0 k-overflow-hidden k-border-radius-small"
                                  >
                                    <div
                                      class="k-aspect-ratio k-aspect-ratio--1-1"
                                    >
                                      <img
                                        class="k-image k-image--contain"
                                        alt="Kylling og kjøtt"
                                        loading="lazy"
                                        src="https://bilder.kolonial.no/produkter/a3e778fa-0b59-4553-9375-ec5e7fcb424f.jpeg?auto=format&amp;fit=max&amp;w=100&amp;s=557d6a0eb58a395e62a062c7147b1d25"
                                      />
                                    </div>
                                  </div>
                                  <span
                                    class="k-text-style k-text-style--body-s k-text-color--default"
                                    >Kylling og kjøtt</span
                                  >
                                </div>
                                <span
                                  class="k-text-style k-text-style--label-xs k-text--weight-medium k-pill k-pill--small k-pill--neutral k-pill--edge-none"
                                  >351</span
                                ></a
                              >
                            </li>
                            <li>
                              <a
                                class="styles_listItem__f7PA3 k-flex k-align-items-center k-justify-content-space-between AppLink_AppLink__uXETs"
                                data-testid="category-list-item"
                                href="/no/categories/283-fisk-og-sjomat/"
                                ><div
                                  class="k-flex k-align-items-center k-flex--gap-3"
                                >
                                  <div
                                    class="styles_product-image__I_dAU styles_smallRow__QZbr0 k-overflow-hidden k-border-radius-small"
                                  >
                                    <div
                                      class="k-aspect-ratio k-aspect-ratio--1-1"
                                    >
                                      <img
                                        class="k-image k-image--contain"
                                        alt="Fisk og sjømat"
                                        loading="lazy"
                                        src="https://bilder.kolonial.no/produkter/c9825e8a-500a-4d5d-b049-37f2440706f9.jpg?auto=format&amp;fit=max&amp;w=100&amp;s=8ff825784a8706f11a84b083e3c9c49d"
                                      />
                                    </div>
                                  </div>
                                  <span
                                    class="k-text-style k-text-style--body-s k-text-color--default"
                                    >Fisk og sjømat</span
                                  >
                                </div>
                                <span
                                  class="k-text-style k-text-style--label-xs k-text--weight-medium k-pill k-pill--small k-pill--neutral k-pill--edge-none"
                                  >166</span
                                ></a
                              >
                            </li>
                            <li>
                              <a
                                class="styles_listItem__f7PA3 k-flex k-align-items-center k-justify-content-space-between AppLink_AppLink__uXETs"
                                data-testid="category-list-item"
                                href="/no/categories/1347-restaurant/"
                                ><div
                                  class="k-flex k-align-items-center k-flex--gap-3"
                                >
                                  <div
                                    class="styles_product-image__I_dAU styles_smallRow__QZbr0 k-overflow-hidden k-border-radius-small"
                                  >
                                    <div
                                      class="k-aspect-ratio k-aspect-ratio--1-1"
                                    >
                                      <img
                                        class="k-image k-image--contain"
                                        alt="Restauranter"
                                        loading="lazy"
                                        src="https://bilder.kolonial.no/produkter/9574a983-8d13-4443-8ca9-9b96407f6a08.jpg?auto=format&amp;fit=max&amp;w=80&amp;s=11bfa6c041ee8b17a42ad52ffebd9be4"
                                      />
                                    </div>
                                  </div>
                                  <span
                                    class="k-text-style k-text-style--body-s k-text-color--default"
                                    >Restauranter</span
                                  >
                                </div>
                                <span
                                  class="k-text-style k-text-style--label-xs k-text--weight-medium k-pill k-pill--small k-pill--neutral k-pill--edge-none"
                                  >23</span
                                ></a
                              >
                            </li>
                            <li>
                              <a
                                class="styles_listItem__f7PA3 k-flex k-align-items-center k-justify-content-space-between AppLink_AppLink__uXETs"
                                data-testid="category-list-item"
                                href="/no/categories/42-palegg/"
                                ><div
                                  class="k-flex k-align-items-center k-flex--gap-3"
                                >
                                  <div
                                    class="styles_product-image__I_dAU styles_smallRow__QZbr0 k-overflow-hidden k-border-radius-small"
                                  >
                                    <div
                                      class="k-aspect-ratio k-aspect-ratio--1-1"
                                    >
                                      <img
                                        class="k-image k-image--contain"
                                        alt="Pålegg"
                                        loading="lazy"
                                        src="https://bilder.kolonial.no/local_products/cb233a49-d41d-442e-b1f0-8e7d7704ba44.jpg?auto=format&amp;fit=max&amp;w=100&amp;s=95330be0eedb1570b3c4156f2f2fe35e"
                                      />
                                    </div>
                                  </div>
                                  <span
                                    class="k-text-style k-text-style--body-s k-text-color--default"
                                    >Pålegg</span
                                  >
                                </div>
                                <span
                                  class="k-text-style k-text-style--label-xs k-text--weight-medium k-pill k-pill--small k-pill--neutral k-pill--edge-none"
                                  >630</span
                                ></a
                              >
                            </li>
                            <li>
                              <a
                                class="styles_listItem__f7PA3 k-flex k-align-items-center k-justify-content-space-between AppLink_AppLink__uXETs"
                                data-testid="category-list-item"
                                href="/no/categories/32-middager-og-tilbehor/"
                                ><div
                                  class="k-flex k-align-items-center k-flex--gap-3"
                                >
                                  <div
                                    class="styles_product-image__I_dAU styles_smallRow__QZbr0 k-overflow-hidden k-border-radius-small"
                                  >
                                    <div
                                      class="k-aspect-ratio k-aspect-ratio--1-1"
                                    >
                                      <img
                                        class="k-image k-image--contain"
                                        alt="Middager og tilbehør"
                                        loading="lazy"
                                        src="https://bilder.kolonial.no/produkter/2cbe5b67-0248-4ce9-bd95-ed63c6d13e19.jpg?auto=format&amp;fit=max&amp;w=100&amp;s=21684709bb6c5b75026737ca5ec22855"
                                      />
                                    </div>
                                  </div>
                                  <span
                                    class="k-text-style k-text-style--body-s k-text-color--default"
                                    >Middager og tilbehør</span
                                  >
                                </div>
                                <span
                                  class="k-text-style k-text-style--label-xs k-text--weight-medium k-pill k-pill--small k-pill--neutral k-pill--edge-none"
                                  >1240</span
                                ></a
                              >
                            </li>
                            <li>
                              <a
                                class="styles_listItem__f7PA3 k-flex k-align-items-center k-justify-content-space-between AppLink_AppLink__uXETs"
                                data-testid="category-list-item"
                                href="/no/categories/60-drikke/"
                                ><div
                                  class="k-flex k-align-items-center k-flex--gap-3"
                                >
                                  <div
                                    class="styles_product-image__I_dAU styles_smallRow__QZbr0 k-overflow-hidden k-border-radius-small"
                                  >
                                    <div
                                      class="k-aspect-ratio k-aspect-ratio--1-1"
                                    >
                                      <img
                                        class="k-image k-image--contain"
                                        alt="Drikke"
                                        loading="lazy"
                                        src="https://bilder.kolonial.no/local_products/101eb47f-8e7c-46cf-b2c1-92cc7e3f67ff.jpg?auto=format&amp;fit=max&amp;w=100&amp;s=68204fbfdbae471ea46666473efe82e4"
                                      />
                                    </div>
                                  </div>
                                  <span
                                    class="k-text-style k-text-style--body-s k-text-color--default"
                                    >Drikke</span
                                  >
                                </div>
                                <span
                                  class="k-text-style k-text-style--label-xs k-text--weight-medium k-pill k-pill--small k-pill--neutral k-pill--edge-none"
                                  >903</span
                                ></a
                              >
                            </li>
                            <li>
                              <a
                                class="styles_listItem__f7PA3 k-flex k-align-items-center k-justify-content-space-between AppLink_AppLink__uXETs"
                                data-testid="category-list-item"
                                href="/no/categories/15-bakeingredienser/"
                                ><div
                                  class="k-flex k-align-items-center k-flex--gap-3"
                                >
                                  <div
                                    class="styles_product-image__I_dAU styles_smallRow__QZbr0 k-overflow-hidden k-border-radius-small"
                                  >
                                    <div
                                      class="k-aspect-ratio k-aspect-ratio--1-1"
                                    >
                                      <img
                                        class="k-image k-image--contain"
                                        alt="Bakeingredienser"
                                        loading="lazy"
                                        src="https://bilder.kolonial.no/local_products/e5c5f72f-9db2-4c3c-8f0e-51604521830a.jpeg?auto=format&amp;fit=max&amp;w=62&amp;s=e34631017e9602d38a9fccfe36213c1d"
                                      />
                                    </div>
                                  </div>
                                  <span
                                    class="k-text-style k-text-style--body-s k-text-color--default"
                                    >Bakeingredienser</span
                                  >
                                </div>
                                <span
                                  class="k-text-style k-text-style--label-xs k-text--weight-medium k-pill k-pill--small k-pill--neutral k-pill--edge-none"
                                  >261</span
                                ></a
                              >
                            </li>
                            <li>
                              <a
                                class="styles_listItem__f7PA3 k-flex k-align-items-center k-justify-content-space-between AppLink_AppLink__uXETs"
                                data-testid="category-list-item"
                                href="/no/categories/1209-iskrem-kaker-og-kjeks/"
                                ><div
                                  class="k-flex k-align-items-center k-flex--gap-3"
                                >
                                  <div
                                    class="styles_product-image__I_dAU styles_smallRow__QZbr0 k-overflow-hidden k-border-radius-small"
                                  >
                                    <div
                                      class="k-aspect-ratio k-aspect-ratio--1-1"
                                    >
                                      <img
                                        class="k-image k-image--contain"
                                        alt="Iskrem, kaker og kjeks"
                                        loading="lazy"
                                        src="https://bilder.kolonial.no/produkter/dbb11db7-546a-41ff-8baa-c14e68b4b4b5.jpg?auto=format&amp;fit=max&amp;w=100&amp;s=f358d2d4435114eb1a52f8bdbdf9ed57"
                                      />
                                    </div>
                                  </div>
                                  <span
                                    class="k-text-style k-text-style--body-s k-text-color--default"
                                    >Iskrem, kaker og kjeks</span
                                  >
                                </div>
                                <span
                                  class="k-text-style k-text-style--label-xs k-text--weight-medium k-pill k-pill--small k-pill--neutral k-pill--edge-none"
                                  >366</span
                                ></a
                              >
                            </li>
                            <li>
                              <a
                                class="styles_listItem__f7PA3 k-flex k-align-items-center k-justify-content-space-between AppLink_AppLink__uXETs"
                                data-testid="category-list-item"
                                href="/no/categories/67-sjokolade-snacks-og-godteri/"
                                ><div
                                  class="k-flex k-align-items-center k-flex--gap-3"
                                >
                                  <div
                                    class="styles_product-image__I_dAU styles_smallRow__QZbr0 k-overflow-hidden k-border-radius-small"
                                  >
                                    <div
                                      class="k-aspect-ratio k-aspect-ratio--1-1"
                                    >
                                      <img
                                        class="k-image k-image--contain"
                                        alt="Sjokolade, snacks og godteri"
                                        loading="lazy"
                                        src="https://bilder.kolonial.no/local_products/e981b948-b67e-438b-a76f-3a8a60805858.jpg?auto=format&amp;fit=max&amp;w=59&amp;s=be6f549fb2db155fccdeafa1aa55c3cb"
                                      />
                                    </div>
                                  </div>
                                  <span
                                    class="k-text-style k-text-style--body-s k-text-color--default"
                                    >Sjokolade, snacks og godteri</span
                                  >
                                </div>
                                <span
                                  class="k-text-style k-text-style--label-xs k-text--weight-medium k-pill k-pill--small k-pill--neutral k-pill--edge-none"
                                  >432</span
                                ></a
                              >
                            </li>
                            <li>
                              <a
                                class="styles_listItem__f7PA3 k-flex k-align-items-center k-justify-content-space-between AppLink_AppLink__uXETs"
                                data-testid="category-list-item"
                                href="/no/categories/73-baby-og-barn/"
                                ><div
                                  class="k-flex k-align-items-center k-flex--gap-3"
                                >
                                  <div
                                    class="styles_product-image__I_dAU styles_smallRow__QZbr0 k-overflow-hidden k-border-radius-small"
                                  >
                                    <div
                                      class="k-aspect-ratio k-aspect-ratio--1-1"
                                    >
                                      <img
                                        class="k-image k-image--contain"
                                        alt="Baby og barn"
                                        loading="lazy"
                                        src="https://bilder.kolonial.no/local_products/67f82a79-a6b6-4908-bcb7-98fb2fa69235.jpg?auto=format&amp;fit=max&amp;w=100&amp;s=35212fb9c8b0052cfabb179182cdf346"
                                      />
                                    </div>
                                  </div>
                                  <span
                                    class="k-text-style k-text-style--body-s k-text-color--default"
                                    >Baby og barn</span
                                  >
                                </div>
                                <span
                                  class="k-text-style k-text-style--label-xs k-text--weight-medium k-pill k-pill--small k-pill--neutral k-pill--edge-none"
                                  >278</span
                                ></a
                              >
                            </li>
                            <li>
                              <a
                                class="styles_listItem__f7PA3 k-flex k-align-items-center k-justify-content-space-between AppLink_AppLink__uXETs"
                                data-testid="category-list-item"
                                href="/no/categories/1190-trening/"
                                ><div
                                  class="k-flex k-align-items-center k-flex--gap-3"
                                >
                                  <div
                                    class="styles_product-image__I_dAU styles_smallRow__QZbr0 k-overflow-hidden k-border-radius-small"
                                  >
                                    <div
                                      class="k-aspect-ratio k-aspect-ratio--1-1"
                                    >
                                      <img
                                        class="k-image k-image--contain"
                                        alt="Trening"
                                        loading="lazy"
                                        src="https://bilder.kolonial.no/local_products/d8d4864e-bd1b-4761-851f-34405a7935e7.jpg?auto=format&amp;fit=max&amp;w=49&amp;s=038b22e034381692ff9d138dbb727ad0"
                                      />
                                    </div>
                                  </div>
                                  <span
                                    class="k-text-style k-text-style--body-s k-text-color--default"
                                    >Trening</span
                                  >
                                </div>
                                <span
                                  class="k-text-style k-text-style--label-xs k-text--weight-medium k-pill k-pill--small k-pill--neutral k-pill--edge-none"
                                  >63</span
                                ></a
                              >
                            </li>
                            <li>
                              <a
                                class="styles_listItem__f7PA3 k-flex k-align-items-center k-justify-content-space-between AppLink_AppLink__uXETs"
                                data-testid="category-list-item"
                                href="/no/categories/365-legemidler-og-helsekost/"
                                ><div
                                  class="k-flex k-align-items-center k-flex--gap-3"
                                >
                                  <div
                                    class="styles_product-image__I_dAU styles_smallRow__QZbr0 k-overflow-hidden k-border-radius-small"
                                  >
                                    <div
                                      class="k-aspect-ratio k-aspect-ratio--1-1"
                                    >
                                      <img
                                        class="k-image k-image--contain"
                                        alt="Legemidler og helsekost"
                                        loading="lazy"
                                        src="https://bilder.kolonial.no/local_products/65f53548-bdd4-48d4-8d8c-98ff0ad4d706.jpg?auto=format&amp;fit=max&amp;w=43&amp;s=8aaa9e2a8c2aac902232ed334c674648"
                                      />
                                    </div>
                                  </div>
                                  <span
                                    class="k-text-style k-text-style--body-s k-text-color--default"
                                    >Legemidler og helsekost</span
                                  >
                                </div>
                                <span
                                  class="k-text-style k-text-style--label-xs k-text--weight-medium k-pill k-pill--small k-pill--neutral k-pill--edge-none"
                                  >69</span
                                ></a
                              >
                            </li>
                            <li>
                              <a
                                class="styles_listItem__f7PA3 k-flex k-align-items-center k-justify-content-space-between AppLink_AppLink__uXETs"
                                data-testid="category-list-item"
                                href="/no/categories/1181-hygiene-og-skjonnhet/"
                                ><div
                                  class="k-flex k-align-items-center k-flex--gap-3"
                                >
                                  <div
                                    class="styles_product-image__I_dAU styles_smallRow__QZbr0 k-overflow-hidden k-border-radius-small"
                                  >
                                    <div
                                      class="k-aspect-ratio k-aspect-ratio--1-1"
                                    >
                                      <img
                                        class="k-image k-image--contain"
                                        alt="Hygiene og skjønnhet"
                                        loading="lazy"
                                        src="https://bilder.kolonial.no/local_products/0fe5a6f8-54cd-4fb2-b2c2-61633954ac96.jpg?auto=format&amp;fit=max&amp;w=39&amp;s=45d134e86205c138dd227430b2356ec8"
                                      />
                                    </div>
                                  </div>
                                  <span
                                    class="k-text-style k-text-style--body-s k-text-color--default"
                                    >Hygiene og skjønnhet</span
                                  >
                                </div>
                                <span
                                  class="k-text-style k-text-style--label-xs k-text--weight-medium k-pill k-pill--small k-pill--neutral k-pill--edge-none"
                                  >361</span
                                ></a
                              >
                            </li>
                            <li>
                              <a
                                class="styles_listItem__f7PA3 k-flex k-align-items-center k-justify-content-space-between AppLink_AppLink__uXETs"
                                data-testid="category-list-item"
                                href="/no/categories/85-hus-og-hjem/"
                                ><div
                                  class="k-flex k-align-items-center k-flex--gap-3"
                                >
                                  <div
                                    class="styles_product-image__I_dAU styles_smallRow__QZbr0 k-overflow-hidden k-border-radius-small"
                                  >
                                    <div
                                      class="k-aspect-ratio k-aspect-ratio--1-1"
                                    >
                                      <img
                                        class="k-image k-image--contain"
                                        alt="Hus og hjem"
                                        loading="lazy"
                                        src="https://bilder.kolonial.no/local_products/af064a47-61fd-4f9a-817e-a07279a25938.jpeg?auto=format&amp;fit=max&amp;w=88&amp;s=b437d5320b3006bd61b08fd6ee118a2a"
                                      />
                                    </div>
                                  </div>
                                  <span
                                    class="k-text-style k-text-style--body-s k-text-color--default"
                                    >Hus og hjem</span
                                  >
                                </div>
                                <span
                                  class="k-text-style k-text-style--label-xs k-text--weight-medium k-pill k-pill--small k-pill--neutral k-pill--edge-none"
                                  >561</span
                                ></a
                              >
                            </li>
                            <li>
                              <a
                                class="styles_listItem__f7PA3 k-flex k-align-items-center k-justify-content-space-between AppLink_AppLink__uXETs"
                                data-testid="category-list-item"
                                href="/no/categories/128-dyr/"
                                ><div
                                  class="k-flex k-align-items-center k-flex--gap-3"
                                >
                                  <div
                                    class="styles_product-image__I_dAU styles_smallRow__QZbr0 k-overflow-hidden k-border-radius-small"
                                  >
                                    <div
                                      class="k-aspect-ratio k-aspect-ratio--1-1"
                                    >
                                      <img
                                        class="k-image k-image--contain"
                                        alt="Dyr"
                                        loading="lazy"
                                        src="https://bilder.kolonial.no/local_products/5a1db8dc-afc6-44e2-8df0-0dba9c7e5c06.jpg?auto=format&amp;fit=max&amp;w=77&amp;s=9bcfba5818241da497b4dfb8d0659b09"
                                      />
                                    </div>
                                  </div>
                                  <span
                                    class="k-text-style k-text-style--body-s k-text-color--default"
                                    >Dyr</span
                                  >
                                </div>
                                <span
                                  class="k-text-style k-text-style--label-xs k-text--weight-medium k-pill k-pill--small k-pill--neutral k-pill--edge-none"
                                  >128</span
                                ></a
                              >
                            </li>
                            <li>
                              <a
                                class="styles_listItem__f7PA3 k-flex k-align-items-center k-justify-content-space-between AppLink_AppLink__uXETs"
                                data-testid="category-list-item"
                                href="/no/categories/101-snus-og-tobakk/"
                                ><div
                                  class="k-flex k-align-items-center k-flex--gap-3"
                                >
                                  <div
                                    class="styles_product-image__I_dAU styles_smallRow__QZbr0 k-overflow-hidden k-border-radius-small"
                                  >
                                    <div
                                      class="k-aspect-ratio k-aspect-ratio--1-1"
                                    >
                                      <img
                                        class="k-image k-image--contain"
                                        alt="Snus og tobakk"
                                        loading="lazy"
                                        src="https://bilder.kolonial.no/local_products/c5fa1988-fa8e-49af-87d1-a8b0a61c3500.png?auto=format&amp;fit=max&amp;w=100&amp;s=bba4f0bb6e1ec751b33ab05a9b19e56e"
                                      />
                                    </div>
                                  </div>
                                  <span
                                    class="k-text-style k-text-style--body-s k-text-color--default"
                                    >Snus og tobakk</span
                                  >
                                </div>
                                <span
                                  class="k-text-style k-text-style--label-xs k-text--weight-medium k-pill k-pill--small k-pill--neutral k-pill--edge-none"
                                  >119</span
                                ></a
                              >
                            </li>
                          </ul>
                        </div>
                      </div>
                    </div>
                  </div>
                </div>
              </div>
            </div>
            <div class="NavbarMain_NavbarLogo__JzHnZ">
              <a
                class="k-oda-logo AppLink_AppLink__uXETs"
                id="oda-logo"
                aria-label="Gå til forsiden"
                href="/no/"
                ><svg
                  focusable="false"
                  aria-labelledby="oda-logo"
                  role="presentation"
                  height="100%"
                  width="100%"
                  xmlns="http://www.w3.org/2000/svg"
                  viewBox="620 533 1000 400"
                >
                  <path
                    d="M1265.3 534.3h-53.4c-4.5 0-8.2 3.7-8.2 8.2v99.9c0 5.4-6.3 8.3-10.4 4.8-22.1-18.8-47-25.8-77.8-25.8-20 0-39.4 4.7-57.2 12.6-57.7 25.7-91.3 80.9-91.3 143.3 0 82.9 63.5 154.8 148.5 154.8 30.2 0 62.7-10.2 83.7-32.1 3.2-3.3 8.4-1.9 9.8 1.9v12.8c0 4.4 3.5 7.9 7.9 7.9h48.6c4.4 0 7.9-3.5 7.9-7.9V542.5c.1-4.5-3.6-8.2-8.1-8.2zm-144.5 327.5c-49.8 0-96.8-36.2-96.8-85.6 0-49.4 48.1-84.5 97.4-84.5 50.4 0 95.2 35.2 95.2 84.5-.1 50.4-44.3 85.6-95.8 85.6zm-344-240.4c-86.1 0-155.4 70.3-155.4 155.9 0 85 70.4 154.8 155.4 154.8 88.2 0 154.3-67.7 154.3-155.9 0-85.5-68.2-154.8-154.3-154.8zm0 240.4c-49.8 0-96.8-36.2-96.8-85.5s48.2-84.5 97.4-84.5c50.4 0 95.2 35.2 95.2 84.5-.1 50.4-44.3 85.5-95.8 85.5zm836.7-229.9h-48.6c-4.4 0-7.9 3.5-7.9 7.9v12.8c-1.4 3.9-6.6 5.3-9.8 1.9-21-21.9-53.5-32.1-83.7-32.1-84.9 0-148.5 71.9-148.5 154.8S1378.5 932 1463.5 932c30.2 0 62.7-10.2 83.7-32.1 3.2-3.3 8.4-1.9 9.8 1.9v12.8c0 4.4 3.5 7.9 7.9 7.9h48.6c4.4 0 7.9-3.5 7.9-7.9V639.8c0-4.4-3.5-7.9-7.9-7.9zm-144.8 229.9c-49.8 0-96.8-36.2-96.8-85.6 0-49.4 48.1-84.5 97.4-84.5 50.4 0 95.2 35.2 95.2 84.5 0 50.4-44.3 85.6-95.8 85.6z"
                  ></path></svg
              ></a>
            </div>
            <div class="NavbarMain_NavbarSearchContainer__uwseO k-grid">
              <div class="k-grid-span-11 md:k-grid-span-12 k-column">
                <div class="SearchInputWithDropdown_SearchBarContainer__ArJFH">
                  <div
                    class="SearchInputWithDropdown_Header__hGD6y k-flex k-justify-content-center k-flex--gap-2"
                  >
                    <button
                      aria-label="Skjul søk"
                      class="k-button k-button--medium k-button--tertiary k-button--icon-button SearchInputWithDropdown_BackButton__0Fao3"
                    >
                      <span class="k-button__icon"
                        ><svg
                          xmlns="http://www.w3.org/2000/svg"
                          fill="none"
                          viewBox="0 0 16 16"
                          role="presentation"
                        >
                          <path
                            fill-rule="evenodd"
                            d="M7.854 2.646a.5.5 0 0 1 0 .708L3.707 7.499l9.793.002a.5.5 0 1 1 0 1L3.707 8.5l4.147 4.147a.5.5 0 1 1-.708.707l-5-5a.5.5 0 0 1 0-.708l5-4.999a.5.5 0 0 1 .708 0"
                          ></path></svg
                      ></span>
                    </button>
                    <form
                      class="k-box--full-width"
                      role="search"
                      method="get"
                      action="/no/search/products/"
                    >
                      <div
                        class="SearchInput_SearchBar__REgml SearchInput_SearchBar__medium__kCCty k-flex k-bg--surface-default k-pl-2 k-pr-2 k-border-1 k-border-radius-small k-align-items-center k-flex--gap-1 k-flex--direction-row k-position-relative k-box--full-width"
                      >
                        <button
                          type="submit"
                          class="styles_UnstyledButton__yXAbS k-flex k-align-items-center"
                          aria-label="Søk"
                        >
                          <span class="k-icon k-icon-fill-disabled k-icon-w20"
                            ><svg
                              xmlns="http://www.w3.org/2000/svg"
                              fill="none"
                              viewBox="0 0 16 16"
                              role="presentation"
                            >
                              <path
                                fill-rule="evenodd"
                                d="M11.36 4.969a4.874 4.874 0 1 0-1.41 5.689l3.2 3.196a.5.5 0 0 0 .707-.708l-3.2-3.196a4.87 4.87 0 0 0 .704-4.981m-6-1.66a3.874 3.874 0 1 1 3.03 7.131 3.874 3.874 0 0 1-3.03-7.13"
                              ></path></svg
                          ></span></button
                        ><input
                          id="searchbar-input-field"
                          data-testid="search-input"
                          type="search"
                          name="q"
                          autocomplete="off"
                          placeholder="Søk"
                          class="k-text-style k-text-style--body-m SearchInput_input__4doXE"
                          value=""
                        />
                      </div>
                    </form>
                  </div>
                </div>
              </div>
              <span
                class="hidden_md__hide__D3hEl hidden_lg__hide__F0OBk hidden_xl__hide__XeI_u"
                ><div class="k-grid-span-1 k-column">
                  <span
                    class="hidden_md__hide__D3hEl hidden_lg__hide__F0OBk hidden_xl__hide__XeI_u"
                    ><a
                      class="k-text-style k-text-style--body-m k-text--none k-link AppLink_AppLink__uXETs"
                      aria-label="Gå til handlekurven"
                      href="/no/cart/"
                      ><div
                        class="styles_CartIconWithPriceWrapper__b1o3K k-choice-chip k-choice-chip--medium k-choice-chip--selected k-choice-chip--secondary k-inline-flex k-align-items-center k-justify-content-center k-flex--gap-2"
                        variant="secondary"
                      >
                        <span class="k-text-style k-text-style--label-m"
                          ><div class="k-flex">
                            <svg
                              class="k-spinner"
                              role="presentation"
                              viewBox="0 0 24 24"
                            >
                              <path
                                class="k-spinner__background"
                                d="M12 1a11 11 0 1 0 11 11A11 11 0 0 0 12 1Zm0 19a8 8 0 1 1 8-8 8 8 0 0 1-8 8Z"
                              ></path>
                              <path
                                class="k-spinner__circle"
                                d="M12 4a8 8 0 0 1 7.89 6.7 1.53 1.53 0 0 0 1.49 1.3 1.5 1.5 0 0 0 1.48-1.75 11 11 0 0 0-21.72 0A1.5 1.5 0 0 0 2.62 12a1.53 1.53 0 0 0 1.49-1.3A8 8 0 0 1 12 4Z"
                              ></path>
                            </svg></div
                        ></span></div></a></span
                  ><span class="hidden_sm__hide__2UoKN"
                    ><div
                      class="styles_CartIconWithPriceWrapper__b1o3K k-choice-chip k-choice-chip--medium k-choice-chip--selected k-choice-chip--secondary k-inline-flex k-align-items-center k-justify-content-center k-flex--gap-2"
                      variant="secondary"
                    >
                      <span class="k-text-style k-text-style--label-m"
                        ><div class="k-flex">
                          <svg
                            class="k-spinner"
                            role="presentation"
                            viewBox="0 0 24 24"
                          >
                            <path
                              class="k-spinner__background"
                              d="M12 1a11 11 0 1 0 11 11A11 11 0 0 0 12 1Zm0 19a8 8 0 1 1 8-8 8 8 0 0 1-8 8Z"
                            ></path>
                            <path
                              class="k-spinner__circle"
                              d="M12 4a8 8 0 0 1 7.89 6.7 1.53 1.53 0 0 0 1.49 1.3 1.5 1.5 0 0 0 1.48-1.75 11 11 0 0 0-21.72 0A1.5 1.5 0 0 0 2.62 12a1.53 1.53 0 0 0 1.49-1.3A8 8 0 0 1 12 4Z"
                            ></path>
                          </svg></div
                      ></span>
                    </div>
                    <span
                      class="hidden_sm__hide__2UoKN hidden_md__hide__D3hEl hidden_lg__hide__F0OBk hidden_xl__hide__XeI_u"
                      ><div class="styles_MiniCartOverlay__swxhM"></div
                    ></span>
                    <div
                      class="styles_MiniCart__Hoig5 styles_HideMiniCart__cFDfV k-flex k-flex--direction-column"
                      id="mini-cart"
                      role="dialog"
                      aria-modal="true"
                      aria-hidden="true"
                    >
                      <div
                        class="styles_MiniCartCloseButton__MR0Jk k-flex k-p-4 k-align-items-center k-justify-content-flex-end k-flex--direction-row"
                      >
                        <button
                          type="button"
                          class="styles_UnstyledButton__yXAbS"
                          aria-label="Lukk"
                          aria-controls="mini-cart"
                          aria-expanded="true"
                        >
                          <div
                            class="k-flex k-align-items-center k-flex--gap-2 k-flex--direction-row"
                          >
                            <span class="k-text-style k-text-style--body-s"
                              >Lukk</span
                            ><span class="k-icon k-icon-fill-default k-icon-w24"
                              ><svg
                                xmlns="http://www.w3.org/2000/svg"
                                fill="none"
                                viewBox="0 0 16 16"
                                role="presentation"
                              >
                                <path
                                  fill-rule="evenodd"
                                  d="M3.646 3.646a.5.5 0 0 1 .708 0L8 7.293l3.646-3.647a.5.5 0 0 1 .708.708L8.707 8l3.647 3.646a.5.5 0 0 1-.708.708L8 8.707l-3.646 3.647a.5.5 0 0 1-.708-.708L7.293 8 3.646 4.354a.5.5 0 0 1 0-.708"
                                ></path></svg
                            ></span>
                          </div>
                        </button>
                      </div>
                      <div
                        class="k-flex k-p-4 k-align-items-center k-flex--gap-2 k-flex--direction-column"
                      >
                        <span class="k-icon k-icon-fill-spotlight k-icon-w32"
                          ><svg
                            xmlns="http://www.w3.org/2000/svg"
                            fill="none"
                            viewBox="0 0 24 24"
                            role="presentation"
                          >
                            <path
                              d="m20.983 10.04-1.82-4.35a1.87 1.87 0 0 0-.45-3.69h-6.61a1.87 1.87 0 0 0-.32 3.72l-.3.72a4.71 4.71 0 0 0-4.06 2.75 5 5 0 0 0-.94-1.35 4.9 4.9 0 0 0-3.47-1.43.5.5 0 0 0-.5.5 4.87 4.87 0 0 0 1.44 3.47c.377.366.81.67 1.28.9a5.451 5.451 0 1 0 5.23 9.52c.283.248.6.454.94.61a3.8 3.8 0 0 0 1.53.32h5a3.79 3.79 0 0 0 3.8-3.8v-4.3a9.4 9.4 0 0 0-.75-3.59m-9.76-6.17a.88.88 0 0 1 .88-.87h6.61a.88.88 0 1 1 0 1.75h-6.61a.88.88 0 0 1-.88-.84zm-2.16 4.68a3.92 3.92 0 0 1 2.23-1.11 3.92 3.92 0 0 1-3.34 3.34 4.1 4.1 0 0 1 1.11-2.23m-4.41 1.12a3.88 3.88 0 0 1-1.1-2.23 3.9 3.9 0 0 1 2.22 1.11 4 4 0 0 1 1.11 2.23 3.92 3.92 0 0 1-2.23-1.07zm2.77 11.06a4.46 4.46 0 1 1 4.46-4.46 4.46 4.46 0 0 1-4.46 4.5zm13.27-2.8a2.8 2.8 0 0 1-2.8 2.8h-5a2.7 2.7 0 0 1-1.13-.24 2.4 2.4 0 0 1-.56-.33 5.44 5.44 0 0 0 1.64-3.89h5.07v1.38a.5.5 0 0 0 .5.5.51.51 0 0 0 .5-.5v-1.38h1.75zm0-2.71h-1.75v-3.36a.51.51 0 0 0-.5-.5.5.5 0 0 0-.5.5v3.36h-5.17a5.45 5.45 0 0 0-3.16-3.94c.469-.235.9-.539 1.28-.9a4.88 4.88 0 0 0 1.42-3.34l.54-1.29h5.25l1.95 4.68a8.2 8.2 0 0 1 .64 3.2z"
                            ></path>
                            <path
                              d="M9.723 14.04a.5.5 0 0 0-.853.356c0 .132.051.26.143.355a2.26 2.26 0 0 1 0 3.19.5.5 0 0 0 .35.85.5.5 0 0 0 .36-.15 3.24 3.24 0 0 0 .95-2.3 3.3 3.3 0 0 0-.95-2.3"
                            ></path></svg
                        ></span>
                        <article
                          class="k-flex k-flex--gap-1 k-flex--direction-column"
                        >
                          <h3
                            class="k-text-style k-text-style--title-m k-text-align-center k-text-color--display styles_TipTitle__Izf_9"
                          >
                            Legg til varer underveis i uken
                          </h3>
                          <p
                            class="k-text-style k-text-style--body-m k-text-align-center k-text-color--subdued"
                          >
                            Legger du til varer litt og litt gjennom uka er
                            nesten hele jobben gjort når du skal legge inn neste
                            bestilling
                          </p>
                        </article>
                      </div>
                    </div></span
                  >
                </div></span
              >
            </div>
            <div
              class="NavbarMain_NavbarIconContainer__kvnyl k-flex k-align-items-center k-justify-content-flex-end k-flex--gap-7"
            >
              <span class="hidden_sm__hide__2UoKN"
                ><span
                  class="hidden_md__hide__D3hEl hidden_lg__hide__F0OBk hidden_xl__hide__XeI_u"
                  ><a
                    class="k-text-style k-text-style--body-m k-text--none k-link AppLink_AppLink__uXETs"
                    aria-label="Gå til handlekurven"
                    href="/no/cart/"
                    ><div
                      class="styles_CartIconWithPriceWrapper__b1o3K k-choice-chip k-choice-chip--medium k-choice-chip--selected k-choice-chip--secondary k-inline-flex k-align-items-center k-justify-content-center k-flex--gap-2"
                      variant="secondary"
                    >
                      <span class="k-text-style k-text-style--label-m"
                        ><div class="k-flex">
                          <svg
                            class="k-spinner"
                            role="presentation"
                            viewBox="0 0 24 24"
                          >
                            <path
                              class="k-spinner__background"
                              d="M12 1a11 11 0 1 0 11 11A11 11 0 0 0 12 1Zm0 19a8 8 0 1 1 8-8 8 8 0 0 1-8 8Z"
                            ></path>
                            <path
                              class="k-spinner__circle"
                              d="M12 4a8 8 0 0 1 7.89 6.7 1.53 1.53 0 0 0 1.49 1.3 1.5 1.5 0 0 0 1.48-1.75 11 11 0 0 0-21.72 0A1.5 1.5 0 0 0 2.62 12a1.53 1.53 0 0 0 1.49-1.3A8 8 0 0 1 12 4Z"
                            ></path>
                          </svg></div
                      ></span></div></a></span
                ><span class="hidden_sm__hide__2UoKN"
                  ><div
                    class="styles_CartIconWithPriceWrapper__b1o3K k-choice-chip k-choice-chip--medium k-choice-chip--selected k-choice-chip--secondary k-inline-flex k-align-items-center k-justify-content-center k-flex--gap-2"
                    variant="secondary"
                  >
                    <span class="k-text-style k-text-style--label-m"
                      ><div class="k-flex">
                        <svg
                          class="k-spinner"
                          role="presentation"
                          viewBox="0 0 24 24"
                        >
                          <path
                            class="k-spinner__background"
                            d="M12 1a11 11 0 1 0 11 11A11 11 0 0 0 12 1Zm0 19a8 8 0 1 1 8-8 8 8 0 0 1-8 8Z"
                          ></path>
                          <path
                            class="k-spinner__circle"
                            d="M12 4a8 8 0 0 1 7.89 6.7 1.53 1.53 0 0 0 1.49 1.3 1.5 1.5 0 0 0 1.48-1.75 11 11 0 0 0-21.72 0A1.5 1.5 0 0 0 2.62 12a1.53 1.53 0 0 0 1.49-1.3A8 8 0 0 1 12 4Z"
                          ></path>
                        </svg></div
                    ></span>
                  </div>
                  <span
                    class="hidden_sm__hide__2UoKN hidden_md__hide__D3hEl hidden_lg__hide__F0OBk hidden_xl__hide__XeI_u"
                    ><div class="styles_MiniCartOverlay__swxhM"></div
                  ></span>
                  <div
                    class="styles_MiniCart__Hoig5 styles_HideMiniCart__cFDfV k-flex k-flex--direction-column"
                    id="mini-cart"
                    role="dialog"
                    aria-modal="true"
                    aria-hidden="true"
                  >
                    <div
                      class="styles_MiniCartCloseButton__MR0Jk k-flex k-p-4 k-align-items-center k-justify-content-flex-end k-flex--direction-row"
                    >
                      <button
                        type="button"
                        class="styles_UnstyledButton__yXAbS"
                        aria-label="Lukk"
                        aria-controls="mini-cart"
                        aria-expanded="true"
                      >
                        <div
                          class="k-flex k-align-items-center k-flex--gap-2 k-flex--direction-row"
                        >
                          <span class="k-text-style k-text-style--body-s"
                            >Lukk</span
                          ><span class="k-icon k-icon-fill-default k-icon-w24"
                            ><svg
                              xmlns="http://www.w3.org/2000/svg"
                              fill="none"
                              viewBox="0 0 16 16"
                              role="presentation"
                            >
                              <path
                                fill-rule="evenodd"
                                d="M3.646 3.646a.5.5 0 0 1 .708 0L8 7.293l3.646-3.647a.5.5 0 0 1 .708.708L8.707 8l3.647 3.646a.5.5 0 0 1-.708.708L8 8.707l-3.646 3.647a.5.5 0 0 1-.708-.708L7.293 8 3.646 4.354a.5.5 0 0 1 0-.708"
                              ></path></svg
                          ></span>
                        </div>
                      </button>
                    </div>
                    <div
                      class="k-flex k-p-4 k-align-items-center k-flex--gap-2 k-flex--direction-column"
                    >
                      <span class="k-icon k-icon-fill-spotlight k-icon-w32"
                        ><svg
                          xmlns="http://www.w3.org/2000/svg"
                          fill="none"
                          viewBox="0 0 24 24"
                          role="presentation"
                        >
                          <path
                            d="m20.983 10.04-1.82-4.35a1.87 1.87 0 0 0-.45-3.69h-6.61a1.87 1.87 0 0 0-.32 3.72l-.3.72a4.71 4.71 0 0 0-4.06 2.75 5 5 0 0 0-.94-1.35 4.9 4.9 0 0 0-3.47-1.43.5.5 0 0 0-.5.5 4.87 4.87 0 0 0 1.44 3.47c.377.366.81.67 1.28.9a5.451 5.451 0 1 0 5.23 9.52c.283.248.6.454.94.61a3.8 3.8 0 0 0 1.53.32h5a3.79 3.79 0 0 0 3.8-3.8v-4.3a9.4 9.4 0 0 0-.75-3.59m-9.76-6.17a.88.88 0 0 1 .88-.87h6.61a.88.88 0 1 1 0 1.75h-6.61a.88.88 0 0 1-.88-.84zm-2.16 4.68a3.92 3.92 0 0 1 2.23-1.11 3.92 3.92 0 0 1-3.34 3.34 4.1 4.1 0 0 1 1.11-2.23m-4.41 1.12a3.88 3.88 0 0 1-1.1-2.23 3.9 3.9 0 0 1 2.22 1.11 4 4 0 0 1 1.11 2.23 3.92 3.92 0 0 1-2.23-1.07zm2.77 11.06a4.46 4.46 0 1 1 4.46-4.46 4.46 4.46 0 0 1-4.46 4.5zm13.27-2.8a2.8 2.8 0 0 1-2.8 2.8h-5a2.7 2.7 0 0 1-1.13-.24 2.4 2.4 0 0 1-.56-.33 5.44 5.44 0 0 0 1.64-3.89h5.07v1.38a.5.5 0 0 0 .5.5.51.51 0 0 0 .5-.5v-1.38h1.75zm0-2.71h-1.75v-3.36a.51.51 0 0 0-.5-.5.5.5 0 0 0-.5.5v3.36h-5.17a5.45 5.45 0 0 0-3.16-3.94c.469-.235.9-.539 1.28-.9a4.88 4.88 0 0 0 1.42-3.34l.54-1.29h5.25l1.95 4.68a8.2 8.2 0 0 1 .64 3.2z"
                          ></path>
                          <path
                            d="M9.723 14.04a.5.5 0 0 0-.853.356c0 .132.051.26.143.355a2.26 2.26 0 0 1 0 3.19.5.5 0 0 0 .35.85.5.5 0 0 0 .36-.15 3.24 3.24 0 0 0 .95-2.3 3.3 3.3 0 0 0-.95-2.3"
                          ></path></svg
                      ></span>
                      <article
                        class="k-flex k-flex--gap-1 k-flex--direction-column"
                      >
                        <h3
                          class="k-text-style k-text-style--title-m k-text-align-center k-text-color--display styles_TipTitle__Izf_9"
                        >
                          Legg til varer underveis i uken
                        </h3>
                        <p
                          class="k-text-style k-text-style--body-m k-text-align-center k-text-color--subdued"
                        >
                          Legger du til varer litt og litt gjennom uka er nesten
                          hele jobben gjort når du skal legge inn neste
                          bestilling
                        </p>
                      </article>
                    </div>
                  </div></span
                ></span
              >
            </div>
          </div>
          <span
            class="hidden_md__hide__D3hEl hidden_lg__hide__F0OBk hidden_xl__hide__XeI_u"
            ><div
              class="k-flex k-bg--surface-default k-px-4 k-py-2 k-flex--gap-4"
            >
              <div class="k-align-items-center">
                <a
                  class="k-text-style k-text-style--body-m k-text--none k-link sub-header_navItem__ijHlH k-link--text AppLink_AppLink__uXETs"
                  id="anonymous-nav-item-login"
                  href="/no/user/login/"
                  ><div class="k-flex k-align-items-center k-flex--gap-2">
                    <span
                      class="k-text-style k-text-style--body-s k-text--weight-regular"
                      >Logg inn</span
                    >
                  </div></a
                >
              </div>
              <a
                class="k-button k-button--small k-button--primary styles_AppLinkButton__xNpXJ AppLink_AppLink__uXETs"
                id="anonymous-nav-item-signup"
                href="/no/user/signup/"
                ><span class="k-text-style k-text-style--label-s"
                  ><span
                    class="k-text-style k-text-style--body-s k-text--weight-medium"
                    >Opprett konto</span
                  ></span
                ></a
              >
            </div></span
          >
          <div
            class="Header_NavbarMegaMenu__qru9h k-pl-4 md:k-pl-7 k-pr-4 md:k-pr-7"
          >
            <div class="k-position-static">
              <nav
                class="styles_defaultPadding__1yhHr styles_suppressPadding__9ZEAF k-flex k-align-items-center k-justify-content-space-between"
              >
                <div
                  class="sub-header_subHeader__XsgnN sub-header_subHeaderAnonymous__heV9P k-flex k-align-items-flex-start md:k-align-items-center k-justify-content-space-between k-flex--direction-column-reverse md:k-flex--direction-row k-box--full-width"
                  data-testid="subheader-large"
                >
                  <div
                    class="sub-header_navSection__ny97L k-flex k-align-items-center k-flex--gap-5"
                  >
                    <div class="MegaMenu_MegaMenuWrapper__Ra7CJ" tabindex="-1">
                      <button
                        class="sub-header_navItem__ijHlH"
                        data-testid="mega-menu-button"
                        aria-expanded="false"
                        aria-controls=":R2qbal6:"
                      >
                        <div class="k-flex k-align-items-center k-flex--gap-2">
                          <span class="k-icon k-icon-fill-default k-icon-w20"
                            ><svg
                              xmlns="http://www.w3.org/2000/svg"
                              fill="none"
                              viewBox="0 0 16 16"
                              role="presentation"
                            >
                              <path
                                fill-rule="evenodd"
                                d="M5.924 2.503c0-.83.673-1.503 1.503-1.503H11.8a1.503 1.503 0 0 1 .447 2.938l1.293 2.94q.008.016.013.033c.282.788.425 1.619.425 2.456v3.688a2.054 2.054 0 0 1-2.053 2.054h-7.87A2.054 2.054 0 0 1 2 13.055V7.8a.5.5 0 0 1 .5-.5h3.033l1.268-3.43a1.5 1.5 0 0 1-.877-1.367M7.427 2a.503.503 0 0 0 0 1.006H11.8a.503.503 0 0 0 0-1.006zm.39 2.006L6.599 7.3h2.703a.5.5 0 0 1 .5.5v5.255c0 .375-.102.738-.29 1.054h2.412a1.054 1.054 0 0 0 1.053-1.054V9.367c0-.717-.122-1.428-.36-2.104l-1.434-3.257zm-.055 10.103a1.054 1.054 0 0 0 1.04-1.054v-1.054H3v1.054a1.054 1.054 0 0 0 1.054 1.054h3.708M3 11.001h5.802V8.3H3z"
                              ></path></svg></span
                          ><span
                            class="k-text-style k-text-style--body-s k-text--weight-regular"
                            >Kategorier</span
                          ><span class="hidden_sm__hide__2UoKN"
                            ><span
                              class="sub-header_fixIconInlineBaseline__jrSk4"
                              ><span
                                class="k-icon k-icon-fill-default k-icon-w20"
                                ><svg
                                  xmlns="http://www.w3.org/2000/svg"
                                  fill="none"
                                  viewBox="0 0 16 16"
                                  role="presentation"
                                >
                                  <path
                                    fill-rule="evenodd"
                                    d="M3.538 6.137a.5.5 0 0 1 .7-.099l3.685 2.775 3.715-2.776a.5.5 0 1 1 .599.801L7.92 10.063 3.637 6.837a.5.5 0 0 1-.099-.7"
                                  ></path></svg></span></span
                          ></span>
                        </div>
                      </button>
                      <div
                        id=":R2qbal6:"
                        hidden=""
                        role="dialog"
                        data-testid="mega-menu-overlay"
                        class="MegaMenu_MegaMenuOverlay__CO9at"
                      >
                        <div
                          class="MegaMenu_MegaMenu__0dKSS k-pl-4 md:k-pl-7 k-pr-4 md:k-pr-7 k-pt-7 k-pb-9"
                        >
                          <div
                            class="MegaMenu_MegaMenuContent__Evmw5 k-flex k-pb-5 k-flex--gap-4 k-flex--direction-column"
                          >
                            <div class="MegaMenu_closeButton__kVYvx">
                              <span
                                class="hidden_md__hide__D3hEl hidden_lg__hide__F0OBk hidden_xl__hide__XeI_u"
                                ><button
                                  type="button"
                                  aria-label="Lukk"
                                  class="k-iconbutton k-icon-w24 styles_CloseButton__Elo7D"
                                >
                                  <svg
                                    xmlns="http://www.w3.org/2000/svg"
                                    fill="none"
                                    viewBox="0 0 16 16"
                                    role="presentation"
                                  >
                                    <path
                                      fill-rule="evenodd"
                                      d="M3.646 3.646a.5.5 0 0 1 .708 0L8 7.293l3.646-3.647a.5.5 0 0 1 .708.708L8.707 8l3.647 3.646a.5.5 0 0 1-.708.708L8 8.707l-3.646 3.647a.5.5 0 0 1-.708-.708L7.293 8 3.646 4.354a.5.5 0 0 1 0-.708"
                                    ></path>
                                  </svg></button
                              ></span>
                            </div>
                            <div class="MegaMenu_grid__YgO_v">
                              <div
                                class="MegaMenu_pinnedCategories__nK3fg k-flex k-flex--gap-4 k-flex--direction-column"
                              >
                                <h3
                                  id=":Rqiqbal6:"
                                  class="k-text-style k-text-style--body-m"
                                >
                                  <a
                                    class="k-text-style k-text-style--body-m k-text--weight-semi-bold k-text-color--default k-text--none AppLink_AppLink__uXETs"
                                    href="/no/products/"
                                    >Snarveier</a
                                  >
                                </h3>
                                <div
                                  class="k-position-relative md:k-position-static"
                                >
                                  <div
                                    class="styles_sm__ScrollableContainer__BvCuX styles_defaultPadding__1yhHr k-flex k-align-items-center"
                                  >
                                    <ul
                                      class="k-flex k-flex--gap-2 k-flex--direction-row md:k-flex--direction-column md:k-box--full-width lg:k-box--full-width xl:k-box--full-width"
                                      aria-labelledby=":Rqiqbal6:"
                                    >
                                      <li>
                                        <a
                                          class="k-button k-button--large k-button--tertiary k-button--icon-start k-flex k-flex--gap-1 k-box--full-width styles_AppLinkButton__xNpXJ AppLink_AppLink__uXETs"
                                          href="/no/products/news/"
                                          ><span class="k-button__icon"
                                            ><svg
                                              xmlns="http://www.w3.org/2000/svg"
                                              fill="none"
                                              viewBox="0 0 16 16"
                                              role="presentation"
                                            >
                                              <path
                                                fill-rule="evenodd"
                                                d="M8 1.34a.5.5 0 0 1 .5.5v3.491a.5.5 0 1 1-1 0v-3.49a.5.5 0 0 1 .5-.5M8 10.169a.5.5 0 0 1 .5.5v3.49a.5.5 0 1 1-1 0v-3.49a.5.5 0 0 1 .5-.5M10.257 9.286a.5.5 0 0 1 .69-.152l2.633 1.685a.5.5 0 1 1-.539.842l-2.633-1.684a.5.5 0 0 1-.151-.691M5.743 9.286a.5.5 0 0 0-.69-.152L2.42 10.82a.5.5 0 1 0 .539.842l2.633-1.684a.5.5 0 0 0 .151-.691M10.257 6.954a.5.5 0 0 0 .69.152L13.58 5.42a.5.5 0 1 0-.539-.842l-2.633 1.684a.5.5 0 0 0-.151.691M5.743 6.954a.5.5 0 0 1-.69.152L2.42 5.42a.5.5 0 1 1 .539-.842l2.633 1.684a.5.5 0 0 1 .151.691"
                                              ></path></svg></span
                                          ><span
                                            class="k-text-style k-text-style--label-m"
                                            ><span
                                              class="k-text-style k-text-style--body-s k-text--nowrap"
                                              >Nyheter</span
                                            ></span
                                          ></a
                                        >
                                      </li>
                                      <li>
                                        <a
                                          class="k-button k-button--large k-button--tertiary k-button--icon-start k-flex k-flex--gap-1 k-box--full-width styles_AppLinkButton__xNpXJ AppLink_AppLink__uXETs"
                                          href="/no/products/discounts/"
                                          ><span class="k-button__icon"
                                            ><svg
                                              xmlns="http://www.w3.org/2000/svg"
                                              fill="none"
                                              viewBox="0 0 24 24"
                                              role="presentation"
                                            >
                                              <path
                                                fill-rule="evenodd"
                                                d="M12 1.93a.5.5 0 0 1 .423.234l1.553 2.463 2.576-1.357a.5.5 0 0 1 .732.423l.114 2.91 2.91.113a.5.5 0 0 1 .422.732l-1.357 2.576 2.463 1.553a.5.5 0 0 1 0 .846l-2.462 1.553 1.356 2.576a.5.5 0 0 1-.423.732l-2.91.114-.113 2.91a.5.5 0 0 1-.732.422l-2.576-1.357-1.553 2.463a.5.5 0 0 1-.846 0l-1.553-2.462-2.576 1.356a.5.5 0 0 1-.732-.423l-.114-2.91-2.91-.113a.5.5 0 0 1-.422-.732l1.357-2.576-2.463-1.553a.5.5 0 0 1 0-.846l2.463-1.553L3.27 7.448a.5.5 0 0 1 .423-.732l2.91-.114.113-2.91a.5.5 0 0 1 .732-.422l2.576 1.357 1.553-2.463A.5.5 0 0 1 12 1.931m0 1.438-1.376 2.183a.5.5 0 0 1-.656.176L7.684 4.524l-.1 2.58a.5.5 0 0 1-.48.48l-2.58.1 1.203 2.284a.5.5 0 0 1-.176.656L3.368 12l2.183 1.377a.5.5 0 0 1 .176.656l-1.203 2.283 2.58.1a.5.5 0 0 1 .48.48l.1 2.58 2.284-1.203a.5.5 0 0 1 .656.176L12 20.632l1.377-2.183a.5.5 0 0 1 .656-.176l2.283 1.203.1-2.58a.5.5 0 0 1 .48-.48l2.58-.1-1.203-2.283a.5.5 0 0 1 .176-.656L20.632 12l-2.183-1.376a.5.5 0 0 1-.176-.656l1.203-2.284-2.58-.1a.5.5 0 0 1-.48-.48l-.1-2.58-2.283 1.203a.5.5 0 0 1-.656-.176z"
                                              ></path></svg></span
                                          ><span
                                            class="k-text-style k-text-style--label-m"
                                            ><span
                                              class="k-text-style k-text-style--body-s k-text--nowrap"
                                              >Tilbud</span
                                            ></span
                                          ></a
                                        >
                                      </li>
                                      <li>
                                        <a
                                          class="k-button k-button--large k-button--tertiary k-button--icon-start k-flex k-flex--gap-1 k-box--full-width styles_AppLinkButton__xNpXJ AppLink_AppLink__uXETs"
                                          href="/no/products/most-purchased/"
                                          ><span class="k-button__icon"
                                            ><svg
                                              xmlns="http://www.w3.org/2000/svg"
                                              fill="none"
                                              viewBox="0 0 16 16"
                                              role="presentation"
                                            >
                                              <path
                                                fill-rule="evenodd"
                                                d="M13.493 2.007a.5.5 0 0 0-.5.5v2.177a5.994 5.994 0 0 0-10.94 2.567.5.5 0 0 0 .992.124 4.994 4.994 0 0 1 9.243-1.935H10.06a.5.5 0 1 0 0 1h3.433a.5.5 0 0 0 .5-.5V2.507a.5.5 0 0 0-.5-.5m.02 6.183a.5.5 0 0 0-.558.435 4.994 4.994 0 0 1-9.243 1.935H5.94a.5.5 0 1 0 0-1H2.507a.5.5 0 0 0-.5.5v3.433a.5.5 0 0 0 1 0v-2.177a5.994 5.994 0 0 0 10.94-2.567.5.5 0 0 0-.434-.559"
                                              ></path></svg></span
                                          ><span
                                            class="k-text-style k-text-style--label-m"
                                            ><span
                                              class="k-text-style k-text-style--body-s k-text--nowrap"
                                              >Dine mest kjøpte varer</span
                                            ></span
                                          ></a
                                        >
                                      </li>
                                      <li>
                                        <a
                                          class="k-button k-button--large k-button--tertiary k-button--icon-start k-flex k-flex--gap-1 k-box--full-width styles_AppLinkButton__xNpXJ AppLink_AppLink__uXETs"
                                          href="/no/products/"
                                          ><span class="k-button__icon"
                                            ><svg
                                              xmlns="http://www.w3.org/2000/svg"
                                              fill="none"
                                              viewBox="0 0 24 24"
                                              role="presentation"
                                            >
                                              <path
                                                fill-rule="evenodd"
                                                d="M9.882 3.903c0-1.047.85-1.895 1.896-1.895h6.084a1.896 1.896 0 0 1 .691 3.662l1.723 4.83c.396 1.11.599 2.28.599 3.458v5.3a2.733 2.733 0 0 1-2.734 2.734H5.858a2.734 2.734 0 0 1-2.734-2.734v-8.375a.5.5 0 0 1 .5-.5h5.78l1.682-4.714a1.9 1.9 0 0 1-1.204-1.766m1.896-.895a.896.896 0 1 0 0 1.791h6.084a.896.896 0 1 0 0-1.791zm-2.013 8.375H4.124v5.142h1.234v-2.85a.5.5 0 0 1 1 0v2.85h7.375v-5.142zm2.336-5.584-1.635 4.584h3.767a.5.5 0 0 1 .5.5v8.375c0 .635-.22 1.247-.62 1.734h4.028a1.733 1.733 0 0 0 1.734-1.734v-5.3c0-1.064-.183-2.12-.54-3.121l-1.797-5.038zM4.124 17.525v1.733a1.733 1.733 0 0 0 1.734 1.734h6.157a1.734 1.734 0 0 0 1.718-1.734v-1.733H6.358v1.734a.5.5 0 1 1-1 0v-1.734z"
                                              ></path></svg></span
                                          ><span
                                            class="k-text-style k-text-style--label-m"
                                            ><span
                                              class="k-text-style k-text-style--body-s k-text--nowrap"
                                              >Alle produkter</span
                                            ></span
                                          ></a
                                        >
                                      </li>
                                      <li>
                                        <a
                                          class="k-button k-button--large k-button--tertiary k-button--icon-start k-flex k-flex--gap-1 k-box--full-width styles_AppLinkButton__xNpXJ AppLink_AppLink__uXETs"
                                          href="/no/giftcards/"
                                          ><span class="k-button__icon"
                                            ><svg
                                              xmlns="http://www.w3.org/2000/svg"
                                              fill="none"
                                              viewBox="0 0 24 24"
                                              role="presentation"
                                            >
                                              <path
                                                fill-rule="evenodd"
                                                d="M15.25 6.99a.5.5 0 0 1 .5-.5h3.415A2.836 2.836 0 0 1 22 9.326m0 0 .01 9.837A2.837 2.837 0 0 1 19.174 22l-14.33.002a2.84 2.84 0 0 1-2.006-.83 2.85 2.85 0 0 1-.84-2.006V9.329a2.836 2.836 0 0 1 2.845-2.836H8.25a.5.5 0 1 1 0 1H4.843a1.836 1.836 0 0 0-1.846 1.836v9.837c0 .482.2.95.548 1.298.344.345.811.538 1.298.538L19.174 21a1.837 1.837 0 0 0 1.837-1.836L21 9.327a1.837 1.837 0 0 0-1.836-1.837H15.75a.5.5 0 0 1-.5-.5"
                                              ></path>
                                              <path
                                                fill-rule="evenodd"
                                                d="M15.812 3.043c-.502.106-1.078.415-1.585.921a5.9 5.9 0 0 0-1.707 3.644 5.9 5.9 0 0 0 3.665-1.709c.507-.507.812-1.079.917-1.577.105-.502 0-.865-.21-1.074-.207-.208-.572-.313-1.08-.205m-.208-.979c.713-.151 1.47-.05 1.995.476.525.525.63 1.277.482 1.988-.15.715-.566 1.455-1.188 2.078a6.89 6.89 0 0 1-4.898 2.023.5.5 0 0 1-.498-.5 6.9 6.9 0 0 1 2.024-4.873c.622-.622 1.365-1.039 2.083-1.192"
                                              ></path>
                                              <path
                                                fill-rule="evenodd"
                                                d="M8.388 2.064c.718.153 1.461.57 2.084 1.193a6.9 6.9 0 0 1 2.023 4.872.5.5 0 0 1-.498.5 6.9 6.9 0 0 1-4.898-2.023l-.001-.002c-.617-.622-1.031-1.36-1.182-2.075-.15-.71-.049-1.463.477-1.989s1.283-.627 1.995-.476m-.208.979c-.508-.108-.872-.003-1.08.205s-.313.57-.206 1.073c.105.5.411 1.072.914 1.579a5.9 5.9 0 0 0 3.664 1.708 5.9 5.9 0 0 0-1.707-3.643v-.001c-.507-.506-1.082-.815-1.585-.921M2.2 14.5a.5.5 0 0 1 .5-.5h18.5a.5.5 0 0 1 0 1H2.7a.5.5 0 0 1-.5-.5M2.25 18a.5.5 0 0 1 .5-.5h18.5a.5.5 0 0 1 0 1H2.75a.5.5 0 0 1-.5-.5"
                                              ></path>
                                              <path
                                                fill-rule="evenodd"
                                                d="M12.35 7.854a.5.5 0 0 1 0 .707L9.48 11.433a.5.5 0 1 1-.707-.707l2.872-2.872a.5.5 0 0 1 .707 0"
                                              ></path>
                                              <path
                                                fill-rule="evenodd"
                                                d="M11.646 7.852a.5.5 0 0 1 .707 0l2.922 2.922a.5.5 0 1 1-.707.707L11.646 8.56a.5.5 0 0 1 0-.707"
                                              ></path></svg></span
                                          ><span
                                            class="k-text-style k-text-style--label-m"
                                            ><span
                                              class="k-text-style k-text-style--body-s k-text--nowrap"
                                              >Kjøp gavekort</span
                                            ></span
                                          ></a
                                        >
                                      </li>
                                    </ul>
                                  </div>
                                </div>
                              </div>
                              <div
                                class="MegaMenu_banners__gy4Xo k-flex k-flex--gap-4 k-flex--direction-column"
                              >
                                <h3
                                  id=":R1aiqbal6:"
                                  class="k-text-style k-text-style--body-m"
                                >
                                  <a
                                    class="k-text-style k-text-style--body-m k-text--weight-semi-bold k-text-color--default k-text--none AppLink_AppLink__uXETs"
                                    href="/no/products/"
                                    >Bli inspirert</a
                                  >
                                </h3>
                                <ul
                                  class="styles_LinkListColumns__poRZR"
                                  aria-labelledby=":R1aiqbal6:"
                                >
                                  <li>
                                    <a
                                      class="styles_cellContainer__7kzGC k-flex k-border-radius-small AppLink_AppLink__uXETs"
                                      href="/no/categories/277-bursdag/"
                                      ><div class="styles_cellFade__VnC08">
                                        <span
                                          class="k-text-style k-text-style--body-m k-text--weight-semi-bold styles_cellText__joqSN k-flex k-align-items-center k-justify-content-center"
                                          >Bursdag</span
                                        >
                                      </div>
                                      <img
                                        class="k-image k-image--cover styles_image__I7wcl"
                                        alt="Bursdag"
                                        loading="lazy"
                                        decoding="async"
                                        src="https://bilder.kolonial.no/pinned_categories/49e02323-b07a-433b-b187-17204d55ec8c.jpg?auto=format&amp;fit=crop&amp;h=690&amp;w=900&amp;s=03c037b20c36624465ef8a8d43f76336"
                                    /></a>
                                  </li>
                                  <li>
                                    <a
                                      class="styles_cellContainer__7kzGC k-flex k-border-radius-small AppLink_AppLink__uXETs"
                                      href="/no/categories/488-mathall/"
                                      ><div class="styles_cellFade__VnC08">
                                        <span
                                          class="k-text-style k-text-style--body-m k-text--weight-semi-bold styles_cellText__joqSN k-flex k-align-items-center k-justify-content-center"
                                          >Mathall</span
                                        >
                                      </div>
                                      <img
                                        class="k-image k-image--cover styles_image__I7wcl"
                                        alt="Mathall"
                                        loading="lazy"
                                        decoding="async"
                                        src="https://bilder.kolonial.no/pinned_categories/acbd1919-ae20-4cf3-8f7b-2917b4a013eb.jpg?auto=format&amp;fit=crop&amp;h=690&amp;w=900&amp;s=af62538404e1163c2acfe39ebaf2d390"
                                    /></a>
                                  </li>
                                  <li>
                                    <a
                                      class="styles_cellContainer__7kzGC k-flex k-border-radius-small AppLink_AppLink__uXETs"
                                      href="/no/categories/462-clas-ohlson/"
                                      ><div class="styles_cellFade__VnC08">
                                        <span
                                          class="k-text-style k-text-style--body-m k-text--weight-semi-bold styles_cellText__joqSN k-flex k-align-items-center k-justify-content-center"
                                          >Clas Ohlson</span
                                        >
                                      </div>
                                      <img
                                        class="k-image k-image--cover styles_image__I7wcl"
                                        alt="Clas Ohlson"
                                        loading="lazy"
                                        decoding="async"
                                        src="https://bilder.kolonial.no/pinned_categories/07c04660-ac5c-44f2-9d64-0d12898bfa5c.jpg?auto=format&amp;fit=crop&amp;h=690&amp;w=900&amp;s=0b3849367b94d0d4eb495ddfaab126a8"
                                    /></a>
                                  </li>
                                  <li>
                                    <a
                                      class="styles_cellContainer__7kzGC k-flex k-border-radius-small AppLink_AppLink__uXETs"
                                      href="/no/categories/564-sprell/"
                                      ><div class="styles_cellFade__VnC08">
                                        <span
                                          class="k-text-style k-text-style--body-m k-text--weight-semi-bold styles_cellText__joqSN k-flex k-align-items-center k-justify-content-center"
                                          >Sprell</span
                                        >
                                      </div>
                                      <img
                                        class="k-image k-image--cover styles_image__I7wcl"
                                        alt="Sprell"
                                        loading="lazy"
                                        decoding="async"
                                        src="https://bilder.kolonial.no/pinned_categories/77ed0edd-3df9-4595-b8ac-a8d16e7e3566.jpg?auto=format&amp;fit=crop&amp;h=690&amp;w=900&amp;s=00329dcedbec980f3b0dda0de7506c35"
                                    /></a>
                                  </li>
                                  <li>
                                    <a
                                      class="styles_cellContainer__7kzGC k-flex k-border-radius-small AppLink_AppLink__uXETs"
                                      href="/no/categories/1416-ark/"
                                      ><div class="styles_cellFade__VnC08">
                                        <span
                                          class="k-text-style k-text-style--body-m k-text--weight-semi-bold styles_cellText__joqSN k-flex k-align-items-center k-justify-content-center"
                                          >ARK</span
                                        >
                                      </div>
                                      <img
                                        class="k-image k-image--cover styles_image__I7wcl"
                                        alt="ARK"
                                        loading="lazy"
                                        decoding="async"
                                        src="https://bilder.kolonial.no/pinned_categories/2bc8d85b-5571-4379-82c9-57af19e5ac5a.jpg?auto=format&amp;fit=crop&amp;h=690&amp;w=900&amp;s=8e5aae1f1773e69d371630647e8841ce"
                                    /></a>
                                  </li>
                                  <li>
                                    <a
                                      class="styles_cellContainer__7kzGC k-flex k-border-radius-small AppLink_AppLink__uXETs"
                                      href="/no/categories/2928-oda-xl-kjop-stort-spar-mer/"
                                      ><div class="styles_cellFade__VnC08">
                                        <span
                                          class="k-text-style k-text-style--body-m k-text--weight-semi-bold styles_cellText__joqSN k-flex k-align-items-center k-justify-content-center"
                                          >Oda XL - kjøp stort, spar mer</span
                                        >
                                      </div>
                                      <img
                                        class="k-image k-image--cover styles_image__I7wcl"
                                        alt="Oda XL - kjøp stort, spar mer"
                                        loading="lazy"
                                        decoding="async"
                                        src="https://bilder.kolonial.no/pinned_categories/4d6bbc88-eb74-4f25-8372-f35337b75c31.jpg?auto=format&amp;fit=crop&amp;h=690&amp;w=900&amp;s=08400d35e1cdbf179722d1cebacf5f3e"
                                    /></a>
                                  </li>
                                  <li>
                                    <a
                                      class="styles_cellContainer__7kzGC k-flex k-border-radius-small AppLink_AppLink__uXETs"
                                      href="/no/categories/401-blomster-og-planter/"
                                      ><div class="styles_cellFade__VnC08">
                                        <span
                                          class="k-text-style k-text-style--body-m k-text--weight-semi-bold styles_cellText__joqSN k-flex k-align-items-center k-justify-content-center"
                                          >Blomster og planter</span
                                        >
                                      </div>
                                      <img
                                        class="k-image k-image--cover styles_image__I7wcl"
                                        alt="Blomster og planter"
                                        loading="lazy"
                                        decoding="async"
                                        src="https://bilder.kolonial.no/pinned_categories/d365d2d2-4c71-41f4-b4f0-1af9793dee54.jpg?auto=format&amp;fit=crop&amp;h=690&amp;w=900&amp;s=7c217af5ea9a47fd6a3a5df0bc73d147"
                                    /></a>
                                  </li>
                                </ul>
                              </div>
                              <span
                                class="hidden_md__hide__D3hEl hidden_lg__hide__F0OBk hidden_xl__hide__XeI_u"
                                ><div>
                                  <a
                                    class="k-text-style k-text-style--body-m k-text--none k-link sub-header_navItem__ijHlH k-link--text AppLink_AppLink__uXETs"
                                    href="/no/recipes/"
                                    ><div
                                      class="k-flex k-align-items-center k-flex--gap-2"
                                    >
                                      <span
                                        class="k-icon k-icon-fill-default k-icon-w20"
                                        ><svg
                                          xmlns="http://www.w3.org/2000/svg"
                                          fill="none"
                                          viewBox="0 0 16 16"
                                          role="presentation"
                                        >
                                          <path
                                            d="M5 1.5a.5.5 0 0 0-1 0v2a.5.5 0 0 0 1 0z"
                                          ></path>
                                          <path
                                            fill-rule="evenodd"
                                            d="M2 4a2.5 2.5 0 0 0 2.014 2.453v1.48q-.21.077-.387.22a1.24 1.24 0 0 0-.46.818l-.51 4.137-.001.001c-.03.25-.001.502.084.738.085.237.223.45.401.629.178.178.393.317.629.412a2 2 0 0 0 1.49 0c.237-.094.452-.234.631-.413.179-.18.317-.394.402-.632a1.6 1.6 0 0 0 .082-.74L5.86 8.97a1.24 1.24 0 0 0-.46-.819 1.4 1.4 0 0 0-.387-.219V6.447A2.5 2.5 0 0 0 7 4V1.5a.5.5 0 0 0-1 0V4a1.5 1.5 0 1 1-3 0V1.5a.5.5 0 0 0-1 0zm2.889 9.96a1 1 0 0 1-.747 0 .9.9 0 0 1-.294-.192.7.7 0 0 1-.167-.259.6.6 0 0 1-.032-.28l.51-4.136v-.004a.25.25 0 0 1 .097-.159.4.4 0 0 1 .258-.086c.103 0 .195.034.258.086.063.05.09.11.096.16l.514 4.136a.6.6 0 0 1-.031.281.7.7 0 0 1-.168.261.9.9 0 0 1-.294.192M10.278 8.954A1.67 1.67 0 0 1 9 7.334V3.71A2.71 2.71 0 0 1 11.71 1h.79a.5.5 0 0 1 .5.5v7.471l.488 4.133c.03.25.002.502-.082.74a1.7 1.7 0 0 1-.402.63 1.9 1.9 0 0 1-.63.414 2 2 0 0 1-1.491 0 1.9 1.9 0 0 1-.629-.412 1.7 1.7 0 0 1-.401-.629 1.6 1.6 0 0 1-.084-.738v-.001zM12 9h-.724q0 .03-.003.06l-.511 4.168a.6.6 0 0 0 .032.281.7.7 0 0 0 .167.26.9.9 0 0 0 .294.19 1 1 0 0 0 .746.001.9.9 0 0 0 .295-.192.7.7 0 0 0 .168-.26.6.6 0 0 0 .031-.282v-.003l-.492-4.164zm-2-5.29c0-.944.766-1.71 1.71-1.71H12v6h-1.333A.667.667 0 0 1 10 7.333z"
                                          ></path></svg></span
                                      ><span
                                        class="k-text-style k-text-style--body-m k-text--weight-medium"
                                        >Oppskrifter</span
                                      >
                                    </div></a
                                  >
                                  <div
                                    class="k-spacer-spacing-3"
                                    role="none"
                                  ></div>
                                  <hr class="k-divider k-divider--horizontal" />
                                  <div
                                    class="k-spacer-spacing-4"
                                    role="none"
                                  ></div>
                                  <a
                                    class="k-text-style k-text-style--body-m k-text--none k-link sub-header_navItem__ijHlH k-link--text AppLink_AppLink__uXETs"
                                    href="/no/about/organization/"
                                    ><div
                                      class="k-flex k-align-items-center k-flex--gap-2"
                                    >
                                      <span
                                        class="k-icon k-icon-fill-default k-icon-w20"
                                        ><svg
                                          xmlns="http://www.w3.org/2000/svg"
                                          fill="none"
                                          viewBox="0 0 16 16"
                                          role="presentation"
                                        >
                                          <path
                                            fill-rule="evenodd"
                                            d="M5 3H1.933C1.418 3 1 3.448 1 4v10c0 .552.418 1 .933 1h12.134c.515 0 .933-.448.933-1V4c0-.552-.418-1-.933-1H11v-.4c0-.424-.18-.831-.502-1.131A1.78 1.78 0 0 0 9.286 1H6.714c-.454 0-.89.169-1.212.469S5 2.176 5 2.6zm9.04 3V4a.1.1 0 0 0-.008-.04H1.968A.1.1 0 0 0 1.96 4v2c0 .296.11.568.289.76.176.188.4.28.618.28h10.266a.85.85 0 0 0 .619-.28c.178-.192.288-.464.288-.76M1.96 7.748V14q.001.027.008.04h12.064a.1.1 0 0 0 .008-.04V7.748a1.77 1.77 0 0 1-.907.252H9.48v1.275c0 .378-.208.695-.491.901A1.7 1.7 0 0 1 8 10.48c-.351 0-.708-.1-.989-.304-.283-.206-.491-.523-.491-.901V8H2.867a1.77 1.77 0 0 1-.907-.252M7.48 8v1.275c0 .006.003.057.095.124A.74.74 0 0 0 8 9.52c.18 0 .331-.053.425-.121.092-.067.095-.118.095-.124V8zM5.96 3v-.4c0-.148.062-.304.197-.43a.82.82 0 0 1 .557-.21h2.572c.22 0 .42.082.557.21a.6.6 0 0 1 .197.43V3z"
                                          ></path></svg></span
                                      ><span
                                        class="k-text-style k-text-style--body-m k-text--weight-medium"
                                        >For bedrifter</span
                                      >
                                    </div></a
                                  >
                                  <div
                                    class="k-spacer-spacing-3"
                                    role="none"
                                  ></div>
                                  <hr
                                    class="k-divider k-divider--horizontal"
                                  /></div
                              ></span>
                              <div class="MegaMenu_categories__GzbH5">
                                <span class="k-visually-hidden"
                                  ><h3 id=":R2aiqbal6:">Kategorier</h3></span
                                >
                                <ul
                                  class="styles_listColumns__dJS52"
                                  aria-labelledby=":R2aiqbal6:"
                                >
                                  <li>
                                    <a
                                      class="styles_listItem__f7PA3 k-flex k-align-items-center k-justify-content-space-between AppLink_AppLink__uXETs"
                                      data-testid="category-list-item"
                                      href="/no/categories/20-frukt-og-gront/"
                                      ><div
                                        class="k-flex k-align-items-center k-flex--gap-3"
                                      >
                                        <div
                                          class="styles_product-image__I_dAU styles_smallRow__QZbr0 k-overflow-hidden k-border-radius-small"
                                        >
                                          <div
                                            class="k-aspect-ratio k-aspect-ratio--1-1"
                                          >
                                            <img
                                              class="k-image k-image--contain"
                                              alt="Frukt og grønt"
                                              loading="lazy"
                                              src="https://bilder.kolonial.no/produkter/4ba60b0c-7b2f-43bb-8883-5732108cbdd6.jpg?auto=format&amp;fit=max&amp;w=100&amp;s=878f9f0b6fee6b949920d413fae5db0c"
                                            />
                                          </div>
                                        </div>
                                        <span
                                          class="k-text-style k-text-style--body-s k-text-color--default"
                                          >Frukt og grønt</span
                                        >
                                      </div>
                                      <span
                                        class="k-text-style k-text-style--label-xs k-text--weight-medium k-pill k-pill--small k-pill--neutral k-pill--edge-none"
                                        >576</span
                                      ></a
                                    >
                                  </li>
                                  <li>
                                    <a
                                      class="styles_listItem__f7PA3 k-flex k-align-items-center k-justify-content-space-between AppLink_AppLink__uXETs"
                                      data-testid="category-list-item"
                                      href="/no/categories/1135-bakeri-og-konditori/"
                                      ><div
                                        class="k-flex k-align-items-center k-flex--gap-3"
                                      >
                                        <div
                                          class="styles_product-image__I_dAU styles_smallRow__QZbr0 k-overflow-hidden k-border-radius-small"
                                        >
                                          <div
                                            class="k-aspect-ratio k-aspect-ratio--1-1"
                                          >
                                            <img
                                              class="k-image k-image--contain"
                                              alt="Bakeri og konditori"
                                              loading="lazy"
                                              src="https://bilder.kolonial.no/local_products/39a7e71f-ca12-46e5-9c6e-cde67b852f31.jpg?auto=format&amp;fit=max&amp;w=100&amp;s=e87b5068b742bf09c741d214d61c371d"
                                            />
                                          </div>
                                        </div>
                                        <span
                                          class="k-text-style k-text-style--body-s k-text-color--default"
                                          >Bakeri og konditori</span
                                        >
                                      </div>
                                      <span
                                        class="k-text-style k-text-style--label-xs k-text--weight-medium k-pill k-pill--small k-pill--neutral k-pill--edge-none"
                                        >328</span
                                      ></a
                                    >
                                  </li>
                                  <li>
                                    <a
                                      class="styles_listItem__f7PA3 k-flex k-align-items-center k-justify-content-space-between AppLink_AppLink__uXETs"
                                      data-testid="category-list-item"
                                      href="/no/categories/1044-frokostblandinger-og-musli/"
                                      ><div
                                        class="k-flex k-align-items-center k-flex--gap-3"
                                      >
                                        <div
                                          class="styles_product-image__I_dAU styles_smallRow__QZbr0 k-overflow-hidden k-border-radius-small"
                                        >
                                          <div
                                            class="k-aspect-ratio k-aspect-ratio--1-1"
                                          >
                                            <img
                                              class="k-image k-image--contain"
                                              alt="Frokostblandinger og müsli"
                                              loading="lazy"
                                              src="https://bilder.kolonial.no/local_products/1988a74f-4132-47ab-8660-9cdd52e2af4a.jpg?auto=format&amp;fit=max&amp;w=64&amp;s=7dc866cfe0e73e588e799fe88c88eca9"
                                            />
                                          </div>
                                        </div>
                                        <span
                                          class="k-text-style k-text-style--body-s k-text-color--default"
                                          >Frokostblandinger og müsli</span
                                        >
                                      </div>
                                      <span
                                        class="k-text-style k-text-style--label-xs k-text--weight-medium k-pill k-pill--small k-pill--neutral k-pill--edge-none"
                                        >73</span
                                      ></a
                                    >
                                  </li>
                                  <li>
                                    <a
                                      class="styles_listItem__f7PA3 k-flex k-align-items-center k-justify-content-space-between AppLink_AppLink__uXETs"
                                      data-testid="category-list-item"
                                      href="/no/categories/1283-meieri-ost-og-egg/"
                                      ><div
                                        class="k-flex k-align-items-center k-flex--gap-3"
                                      >
                                        <div
                                          class="styles_product-image__I_dAU styles_smallRow__QZbr0 k-overflow-hidden k-border-radius-small"
                                        >
                                          <div
                                            class="k-aspect-ratio k-aspect-ratio--1-1"
                                          >
                                            <img
                                              class="k-image k-image--contain"
                                              alt="Meieri, ost og egg"
                                              loading="lazy"
                                              src="https://bilder.kolonial.no/local_products/8abc659d-1340-411f-b4e8-b236a3054b39.jpg?auto=format&amp;fit=max&amp;w=34&amp;s=027f25b80abb50d63d72168e8d4983b4"
                                            />
                                          </div>
                                        </div>
                                        <span
                                          class="k-text-style k-text-style--body-s k-text-color--default"
                                          >Meieri, ost og egg</span
                                        >
                                      </div>
                                      <span
                                        class="k-text-style k-text-style--label-xs k-text--weight-medium k-pill k-pill--small k-pill--neutral k-pill--edge-none"
                                        >610</span
                                      ></a
                                    >
                                  </li>
                                  <li>
                                    <a
                                      class="styles_listItem__f7PA3 k-flex k-align-items-center k-justify-content-space-between AppLink_AppLink__uXETs"
                                      data-testid="category-list-item"
                                      href="/no/categories/2872-plantebasert/"
                                      ><div
                                        class="k-flex k-align-items-center k-flex--gap-3"
                                      >
                                        <div
                                          class="styles_product-image__I_dAU styles_smallRow__QZbr0 k-overflow-hidden k-border-radius-small"
                                        >
                                          <div
                                            class="k-aspect-ratio k-aspect-ratio--1-1"
                                          >
                                            <img
                                              class="k-image k-image--contain"
                                              alt="Plantebasert"
                                              loading="lazy"
                                              src="https://bilder.kolonial.no/local_products/e839b06d-a862-47ac-a464-0195f661aa6e.jpg?auto=format&amp;fit=max&amp;w=32&amp;s=9200e97cb43a79aee5abaf00ec880c52"
                                            />
                                          </div>
                                        </div>
                                        <span
                                          class="k-text-style k-text-style--body-s k-text-color--default"
                                          >Plantebasert</span
                                        >
                                      </div>
                                      <span
                                        class="k-text-style k-text-style--label-xs k-text--weight-medium k-pill k-pill--small k-pill--neutral k-pill--edge-none"
                                        >150</span
                                      ></a
                                    >
                                  </li>
                                  <li>
                                    <a
                                      class="styles_listItem__f7PA3 k-flex k-align-items-center k-justify-content-space-between AppLink_AppLink__uXETs"
                                      data-testid="category-list-item"
                                      href="/no/categories/26-kylling-og-kjott/"
                                      ><div
                                        class="k-flex k-align-items-center k-flex--gap-3"
                                      >
                                        <div
                                          class="styles_product-image__I_dAU styles_smallRow__QZbr0 k-overflow-hidden k-border-radius-small"
                                        >
                                          <div
                                            class="k-aspect-ratio k-aspect-ratio--1-1"
                                          >
                                            <img
                                              class="k-image k-image--contain"
                                              alt="Kylling og kjøtt"
                                              loading="lazy"
                                              src="https://bilder.kolonial.no/produkter/a3e778fa-0b59-4553-9375-ec5e7fcb424f.jpeg?auto=format&amp;fit=max&amp;w=100&amp;s=557d6a0eb58a395e62a062c7147b1d25"
                                            />
                                          </div>
                                        </div>
                                        <span
                                          class="k-text-style k-text-style--body-s k-text-color--default"
                                          >Kylling og kjøtt</span
                                        >
                                      </div>
                                      <span
                                        class="k-text-style k-text-style--label-xs k-text--weight-medium k-pill k-pill--small k-pill--neutral k-pill--edge-none"
                                        >351</span
                                      ></a
                                    >
                                  </li>
                                  <li>
                                    <a
                                      class="styles_listItem__f7PA3 k-flex k-align-items-center k-justify-content-space-between AppLink_AppLink__uXETs"
                                      data-testid="category-list-item"
                                      href="/no/categories/283-fisk-og-sjomat/"
                                      ><div
                                        class="k-flex k-align-items-center k-flex--gap-3"
                                      >
                                        <div
                                          class="styles_product-image__I_dAU styles_smallRow__QZbr0 k-overflow-hidden k-border-radius-small"
                                        >
                                          <div
                                            class="k-aspect-ratio k-aspect-ratio--1-1"
                                          >
                                            <img
                                              class="k-image k-image--contain"
                                              alt="Fisk og sjømat"
                                              loading="lazy"
                                              src="https://bilder.kolonial.no/produkter/c9825e8a-500a-4d5d-b049-37f2440706f9.jpg?auto=format&amp;fit=max&amp;w=100&amp;s=8ff825784a8706f11a84b083e3c9c49d"
                                            />
                                          </div>
                                        </div>
                                        <span
                                          class="k-text-style k-text-style--body-s k-text-color--default"
                                          >Fisk og sjømat</span
                                        >
                                      </div>
                                      <span
                                        class="k-text-style k-text-style--label-xs k-text--weight-medium k-pill k-pill--small k-pill--neutral k-pill--edge-none"
                                        >166</span
                                      ></a
                                    >
                                  </li>
                                  <li>
                                    <a
                                      class="styles_listItem__f7PA3 k-flex k-align-items-center k-justify-content-space-between AppLink_AppLink__uXETs"
                                      data-testid="category-list-item"
                                      href="/no/categories/1347-restaurant/"
                                      ><div
                                        class="k-flex k-align-items-center k-flex--gap-3"
                                      >
                                        <div
                                          class="styles_product-image__I_dAU styles_smallRow__QZbr0 k-overflow-hidden k-border-radius-small"
                                        >
                                          <div
                                            class="k-aspect-ratio k-aspect-ratio--1-1"
                                          >
                                            <img
                                              class="k-image k-image--contain"
                                              alt="Restauranter"
                                              loading="lazy"
                                              src="https://bilder.kolonial.no/produkter/9574a983-8d13-4443-8ca9-9b96407f6a08.jpg?auto=format&amp;fit=max&amp;w=80&amp;s=11bfa6c041ee8b17a42ad52ffebd9be4"
                                            />
                                          </div>
                                        </div>
                                        <span
                                          class="k-text-style k-text-style--body-s k-text-color--default"
                                          >Restauranter</span
                                        >
                                      </div>
                                      <span
                                        class="k-text-style k-text-style--label-xs k-text--weight-medium k-pill k-pill--small k-pill--neutral k-pill--edge-none"
                                        >23</span
                                      ></a
                                    >
                                  </li>
                                  <li>
                                    <a
                                      class="styles_listItem__f7PA3 k-flex k-align-items-center k-justify-content-space-between AppLink_AppLink__uXETs"
                                      data-testid="category-list-item"
                                      href="/no/categories/42-palegg/"
                                      ><div
                                        class="k-flex k-align-items-center k-flex--gap-3"
                                      >
                                        <div
                                          class="styles_product-image__I_dAU styles_smallRow__QZbr0 k-overflow-hidden k-border-radius-small"
                                        >
                                          <div
                                            class="k-aspect-ratio k-aspect-ratio--1-1"
                                          >
                                            <img
                                              class="k-image k-image--contain"
                                              alt="Pålegg"
                                              loading="lazy"
                                              src="https://bilder.kolonial.no/local_products/cb233a49-d41d-442e-b1f0-8e7d7704ba44.jpg?auto=format&amp;fit=max&amp;w=100&amp;s=95330be0eedb1570b3c4156f2f2fe35e"
                                            />
                                          </div>
                                        </div>
                                        <span
                                          class="k-text-style k-text-style--body-s k-text-color--default"
                                          >Pålegg</span
                                        >
                                      </div>
                                      <span
                                        class="k-text-style k-text-style--label-xs k-text--weight-medium k-pill k-pill--small k-pill--neutral k-pill--edge-none"
                                        >630</span
                                      ></a
                                    >
                                  </li>
                                  <li>
                                    <a
                                      class="styles_listItem__f7PA3 k-flex k-align-items-center k-justify-content-space-between AppLink_AppLink__uXETs"
                                      data-testid="category-list-item"
                                      href="/no/categories/32-middager-og-tilbehor/"
                                      ><div
                                        class="k-flex k-align-items-center k-flex--gap-3"
                                      >
                                        <div
                                          class="styles_product-image__I_dAU styles_smallRow__QZbr0 k-overflow-hidden k-border-radius-small"
                                        >
                                          <div
                                            class="k-aspect-ratio k-aspect-ratio--1-1"
                                          >
                                            <img
                                              class="k-image k-image--contain"
                                              alt="Middager og tilbehør"
                                              loading="lazy"
                                              src="https://bilder.kolonial.no/produkter/2cbe5b67-0248-4ce9-bd95-ed63c6d13e19.jpg?auto=format&amp;fit=max&amp;w=100&amp;s=21684709bb6c5b75026737ca5ec22855"
                                            />
                                          </div>
                                        </div>
                                        <span
                                          class="k-text-style k-text-style--body-s k-text-color--default"
                                          >Middager og tilbehør</span
                                        >
                                      </div>
                                      <span
                                        class="k-text-style k-text-style--label-xs k-text--weight-medium k-pill k-pill--small k-pill--neutral k-pill--edge-none"
                                        >1240</span
                                      ></a
                                    >
                                  </li>
                                  <li>
                                    <a
                                      class="styles_listItem__f7PA3 k-flex k-align-items-center k-justify-content-space-between AppLink_AppLink__uXETs"
                                      data-testid="category-list-item"
                                      href="/no/categories/60-drikke/"
                                      ><div
                                        class="k-flex k-align-items-center k-flex--gap-3"
                                      >
                                        <div
                                          class="styles_product-image__I_dAU styles_smallRow__QZbr0 k-overflow-hidden k-border-radius-small"
                                        >
                                          <div
                                            class="k-aspect-ratio k-aspect-ratio--1-1"
                                          >
                                            <img
                                              class="k-image k-image--contain"
                                              alt="Drikke"
                                              loading="lazy"
                                              src="https://bilder.kolonial.no/local_products/101eb47f-8e7c-46cf-b2c1-92cc7e3f67ff.jpg?auto=format&amp;fit=max&amp;w=100&amp;s=68204fbfdbae471ea46666473efe82e4"
                                            />
                                          </div>
                                        </div>
                                        <span
                                          class="k-text-style k-text-style--body-s k-text-color--default"
                                          >Drikke</span
                                        >
                                      </div>
                                      <span
                                        class="k-text-style k-text-style--label-xs k-text--weight-medium k-pill k-pill--small k-pill--neutral k-pill--edge-none"
                                        >903</span
                                      ></a
                                    >
                                  </li>
                                  <li>
                                    <a
                                      class="styles_listItem__f7PA3 k-flex k-align-items-center k-justify-content-space-between AppLink_AppLink__uXETs"
                                      data-testid="category-list-item"
                                      href="/no/categories/15-bakeingredienser/"
                                      ><div
                                        class="k-flex k-align-items-center k-flex--gap-3"
                                      >
                                        <div
                                          class="styles_product-image__I_dAU styles_smallRow__QZbr0 k-overflow-hidden k-border-radius-small"
                                        >
                                          <div
                                            class="k-aspect-ratio k-aspect-ratio--1-1"
                                          >
                                            <img
                                              class="k-image k-image--contain"
                                              alt="Bakeingredienser"
                                              loading="lazy"
                                              src="https://bilder.kolonial.no/local_products/e5c5f72f-9db2-4c3c-8f0e-51604521830a.jpeg?auto=format&amp;fit=max&amp;w=62&amp;s=e34631017e9602d38a9fccfe36213c1d"
                                            />
                                          </div>
                                        </div>
                                        <span
                                          class="k-text-style k-text-style--body-s k-text-color--default"
                                          >Bakeingredienser</span
                                        >
                                      </div>
                                      <span
                                        class="k-text-style k-text-style--label-xs k-text--weight-medium k-pill k-pill--small k-pill--neutral k-pill--edge-none"
                                        >261</span
                                      ></a
                                    >
                                  </li>
                                  <li>
                                    <a
                                      class="styles_listItem__f7PA3 k-flex k-align-items-center k-justify-content-space-between AppLink_AppLink__uXETs"
                                      data-testid="category-list-item"
                                      href="/no/categories/1209-iskrem-kaker-og-kjeks/"
                                      ><div
                                        class="k-flex k-align-items-center k-flex--gap-3"
                                      >
                                        <div
                                          class="styles_product-image__I_dAU styles_smallRow__QZbr0 k-overflow-hidden k-border-radius-small"
                                        >
                                          <div
                                            class="k-aspect-ratio k-aspect-ratio--1-1"
                                          >
                                            <img
                                              class="k-image k-image--contain"
                                              alt="Iskrem, kaker og kjeks"
                                              loading="lazy"
                                              src="https://bilder.kolonial.no/produkter/dbb11db7-546a-41ff-8baa-c14e68b4b4b5.jpg?auto=format&amp;fit=max&amp;w=100&amp;s=f358d2d4435114eb1a52f8bdbdf9ed57"
                                            />
                                          </div>
                                        </div>
                                        <span
                                          class="k-text-style k-text-style--body-s k-text-color--default"
                                          >Iskrem, kaker og kjeks</span
                                        >
                                      </div>
                                      <span
                                        class="k-text-style k-text-style--label-xs k-text--weight-medium k-pill k-pill--small k-pill--neutral k-pill--edge-none"
                                        >366</span
                                      ></a
                                    >
                                  </li>
                                  <li>
                                    <a
                                      class="styles_listItem__f7PA3 k-flex k-align-items-center k-justify-content-space-between AppLink_AppLink__uXETs"
                                      data-testid="category-list-item"
                                      href="/no/categories/67-sjokolade-snacks-og-godteri/"
                                      ><div
                                        class="k-flex k-align-items-center k-flex--gap-3"
                                      >
                                        <div
                                          class="styles_product-image__I_dAU styles_smallRow__QZbr0 k-overflow-hidden k-border-radius-small"
                                        >
                                          <div
                                            class="k-aspect-ratio k-aspect-ratio--1-1"
                                          >
                                            <img
                                              class="k-image k-image--contain"
                                              alt="Sjokolade, snacks og godteri"
                                              loading="lazy"
                                              src="https://bilder.kolonial.no/local_products/e981b948-b67e-438b-a76f-3a8a60805858.jpg?auto=format&amp;fit=max&amp;w=59&amp;s=be6f549fb2db155fccdeafa1aa55c3cb"
                                            />
                                          </div>
                                        </div>
                                        <span
                                          class="k-text-style k-text-style--body-s k-text-color--default"
                                          >Sjokolade, snacks og godteri</span
                                        >
                                      </div>
                                      <span
                                        class="k-text-style k-text-style--label-xs k-text--weight-medium k-pill k-pill--small k-pill--neutral k-pill--edge-none"
                                        >432</span
                                      ></a
                                    >
                                  </li>
                                  <li>
                                    <a
                                      class="styles_listItem__f7PA3 k-flex k-align-items-center k-justify-content-space-between AppLink_AppLink__uXETs"
                                      data-testid="category-list-item"
                                      href="/no/categories/73-baby-og-barn/"
                                      ><div
                                        class="k-flex k-align-items-center k-flex--gap-3"
                                      >
                                        <div
                                          class="styles_product-image__I_dAU styles_smallRow__QZbr0 k-overflow-hidden k-border-radius-small"
                                        >
                                          <div
                                            class="k-aspect-ratio k-aspect-ratio--1-1"
                                          >
                                            <img
                                              class="k-image k-image--contain"
                                              alt="Baby og barn"
                                              loading="lazy"
                                              src="https://bilder.kolonial.no/local_products/67f82a79-a6b6-4908-bcb7-98fb2fa69235.jpg?auto=format&amp;fit=max&amp;w=100&amp;s=35212fb9c8b0052cfabb179182cdf346"
                                            />
                                          </div>
                                        </div>
                                        <span
                                          class="k-text-style k-text-style--body-s k-text-color--default"
                                          >Baby og barn</span
                                        >
                                      </div>
                                      <span
                                        class="k-text-style k-text-style--label-xs k-text--weight-medium k-pill k-pill--small k-pill--neutral k-pill--edge-none"
                                        >278</span
                                      ></a
                                    >
                                  </li>
                                  <li>
                                    <a
                                      class="styles_listItem__f7PA3 k-flex k-align-items-center k-justify-content-space-between AppLink_AppLink__uXETs"
                                      data-testid="category-list-item"
                                      href="/no/categories/1190-trening/"
                                      ><div
                                        class="k-flex k-align-items-center k-flex--gap-3"
                                      >
                                        <div
                                          class="styles_product-image__I_dAU styles_smallRow__QZbr0 k-overflow-hidden k-border-radius-small"
                                        >
                                          <div
                                            class="k-aspect-ratio k-aspect-ratio--1-1"
                                          >
                                            <img
                                              class="k-image k-image--contain"
                                              alt="Trening"
                                              loading="lazy"
                                              src="https://bilder.kolonial.no/local_products/d8d4864e-bd1b-4761-851f-34405a7935e7.jpg?auto=format&amp;fit=max&amp;w=49&amp;s=038b22e034381692ff9d138dbb727ad0"
                                            />
                                          </div>
                                        </div>
                                        <span
                                          class="k-text-style k-text-style--body-s k-text-color--default"
                                          >Trening</span
                                        >
                                      </div>
                                      <span
                                        class="k-text-style k-text-style--label-xs k-text--weight-medium k-pill k-pill--small k-pill--neutral k-pill--edge-none"
                                        >63</span
                                      ></a
                                    >
                                  </li>
                                  <li>
                                    <a
                                      class="styles_listItem__f7PA3 k-flex k-align-items-center k-justify-content-space-between AppLink_AppLink__uXETs"
                                      data-testid="category-list-item"
                                      href="/no/categories/365-legemidler-og-helsekost/"
                                      ><div
                                        class="k-flex k-align-items-center k-flex--gap-3"
                                      >
                                        <div
                                          class="styles_product-image__I_dAU styles_smallRow__QZbr0 k-overflow-hidden k-border-radius-small"
                                        >
                                          <div
                                            class="k-aspect-ratio k-aspect-ratio--1-1"
                                          >
                                            <img
                                              class="k-image k-image--contain"
                                              alt="Legemidler og helsekost"
                                              loading="lazy"
                                              src="https://bilder.kolonial.no/local_products/65f53548-bdd4-48d4-8d8c-98ff0ad4d706.jpg?auto=format&amp;fit=max&amp;w=43&amp;s=8aaa9e2a8c2aac902232ed334c674648"
                                            />
                                          </div>
                                        </div>
                                        <span
                                          class="k-text-style k-text-style--body-s k-text-color--default"
                                          >Legemidler og helsekost</span
                                        >
                                      </div>
                                      <span
                                        class="k-text-style k-text-style--label-xs k-text--weight-medium k-pill k-pill--small k-pill--neutral k-pill--edge-none"
                                        >69</span
                                      ></a
                                    >
                                  </li>
                                  <li>
                                    <a
                                      class="styles_listItem__f7PA3 k-flex k-align-items-center k-justify-content-space-between AppLink_AppLink__uXETs"
                                      data-testid="category-list-item"
                                      href="/no/categories/1181-hygiene-og-skjonnhet/"
                                      ><div
                                        class="k-flex k-align-items-center k-flex--gap-3"
                                      >
                                        <div
                                          class="styles_product-image__I_dAU styles_smallRow__QZbr0 k-overflow-hidden k-border-radius-small"
                                        >
                                          <div
                                            class="k-aspect-ratio k-aspect-ratio--1-1"
                                          >
                                            <img
                                              class="k-image k-image--contain"
                                              alt="Hygiene og skjønnhet"
                                              loading="lazy"
                                              src="https://bilder.kolonial.no/local_products/0fe5a6f8-54cd-4fb2-b2c2-61633954ac96.jpg?auto=format&amp;fit=max&amp;w=39&amp;s=45d134e86205c138dd227430b2356ec8"
                                            />
                                          </div>
                                        </div>
                                        <span
                                          class="k-text-style k-text-style--body-s k-text-color--default"
                                          >Hygiene og skjønnhet</span
                                        >
                                      </div>
                                      <span
                                        class="k-text-style k-text-style--label-xs k-text--weight-medium k-pill k-pill--small k-pill--neutral k-pill--edge-none"
                                        >361</span
                                      ></a
                                    >
                                  </li>
                                  <li>
                                    <a
                                      class="styles_listItem__f7PA3 k-flex k-align-items-center k-justify-content-space-between AppLink_AppLink__uXETs"
                                      data-testid="category-list-item"
                                      href="/no/categories/85-hus-og-hjem/"
                                      ><div
                                        class="k-flex k-align-items-center k-flex--gap-3"
                                      >
                                        <div
                                          class="styles_product-image__I_dAU styles_smallRow__QZbr0 k-overflow-hidden k-border-radius-small"
                                        >
                                          <div
                                            class="k-aspect-ratio k-aspect-ratio--1-1"
                                          >
                                            <img
                                              class="k-image k-image--contain"
                                              alt="Hus og hjem"
                                              loading="lazy"
                                              src="https://bilder.kolonial.no/local_products/af064a47-61fd-4f9a-817e-a07279a25938.jpeg?auto=format&amp;fit=max&amp;w=88&amp;s=b437d5320b3006bd61b08fd6ee118a2a"
                                            />
                                          </div>
                                        </div>
                                        <span
                                          class="k-text-style k-text-style--body-s k-text-color--default"
                                          >Hus og hjem</span
                                        >
                                      </div>
                                      <span
                                        class="k-text-style k-text-style--label-xs k-text--weight-medium k-pill k-pill--small k-pill--neutral k-pill--edge-none"
                                        >561</span
                                      ></a
                                    >
                                  </li>
                                  <li>
                                    <a
                                      class="styles_listItem__f7PA3 k-flex k-align-items-center k-justify-content-space-between AppLink_AppLink__uXETs"
                                      data-testid="category-list-item"
                                      href="/no/categories/128-dyr/"
                                      ><div
                                        class="k-flex k-align-items-center k-flex--gap-3"
                                      >
                                        <div
                                          class="styles_product-image__I_dAU styles_smallRow__QZbr0 k-overflow-hidden k-border-radius-small"
                                        >
                                          <div
                                            class="k-aspect-ratio k-aspect-ratio--1-1"
                                          >
                                            <img
                                              class="k-image k-image--contain"
                                              alt="Dyr"
                                              loading="lazy"
                                              src="https://bilder.kolonial.no/local_products/5a1db8dc-afc6-44e2-8df0-0dba9c7e5c06.jpg?auto=format&amp;fit=max&amp;w=77&amp;s=9bcfba5818241da497b4dfb8d0659b09"
                                            />
                                          </div>
                                        </div>
                                        <span
                                          class="k-text-style k-text-style--body-s k-text-color--default"
                                          >Dyr</span
                                        >
                                      </div>
                                      <span
                                        class="k-text-style k-text-style--label-xs k-text--weight-medium k-pill k-pill--small k-pill--neutral k-pill--edge-none"
                                        >128</span
                                      ></a
                                    >
                                  </li>
                                  <li>
                                    <a
                                      class="styles_listItem__f7PA3 k-flex k-align-items-center k-justify-content-space-between AppLink_AppLink__uXETs"
                                      data-testid="category-list-item"
                                      href="/no/categories/101-snus-og-tobakk/"
                                      ><div
                                        class="k-flex k-align-items-center k-flex--gap-3"
                                      >
                                        <div
                                          class="styles_product-image__I_dAU styles_smallRow__QZbr0 k-overflow-hidden k-border-radius-small"
                                        >
                                          <div
                                            class="k-aspect-ratio k-aspect-ratio--1-1"
                                          >
                                            <img
                                              class="k-image k-image--contain"
                                              alt="Snus og tobakk"
                                              loading="lazy"
                                              src="https://bilder.kolonial.no/local_products/c5fa1988-fa8e-49af-87d1-a8b0a61c3500.png?auto=format&amp;fit=max&amp;w=100&amp;s=bba4f0bb6e1ec751b33ab05a9b19e56e"
                                            />
                                          </div>
                                        </div>
                                        <span
                                          class="k-text-style k-text-style--body-s k-text-color--default"
                                          >Snus og tobakk</span
                                        >
                                      </div>
                                      <span
                                        class="k-text-style k-text-style--label-xs k-text--weight-medium k-pill k-pill--small k-pill--neutral k-pill--edge-none"
                                        >119</span
                                      ></a
                                    >
                                  </li>
                                </ul>
                              </div>
                            </div>
                          </div>
                        </div>
                      </div>
                    </div>
                    <a
                      class="k-text-style k-text-style--body-m k-text--none k-link sub-header_navItem__ijHlH k-link--text AppLink_AppLink__uXETs"
                      href="/no/products/discounts/"
                      ><div class="k-flex k-align-items-center k-flex--gap-2">
                        <span class="k-icon k-icon-fill-default k-icon-w20"
                          ><svg
                            xmlns="http://www.w3.org/2000/svg"
                            fill="none"
                            viewBox="0 0 16 16"
                            role="presentation"
                          >
                            <path
                              fill-rule="evenodd"
                              d="M8.769 2.317a1.09 1.09 0 0 0-1.541.005l-.506.506-.002.002c-.39.387-.919.607-1.471.607h-.723a1.09 1.09 0 0 0-1.09 1.09v.72a2.1 2.1 0 0 1-.607 1.472l-.498.5-.015.014a1.09 1.09 0 0 0 .006 1.54l.001.001.505.506c.389.39.609.92.609 1.472v.725c0 .601.487 1.089 1.089 1.089h.721c.551 0 1.081.218 1.472.608h.001l.506.506.006.006c.427.424 1.116.422 1.54-.005l.002-.002.506-.505a2.1 2.1 0 0 1 1.472-.608h.724a1.09 1.09 0 0 0 1.09-1.09v-.722c0-.552.218-1.08.607-1.472l.507-.507.006-.006M2.32 7.228l-.005.005q0 .002 0 0zm.116-2.702a2.09 2.09 0 0 1 2.088-2.09h.724c.286 0 .562-.113.766-.315l.001-.001.503-.504a2.09 2.09 0 0 1 2.963 0l.505.504c.204.203.48.317.767.317h.722a2.09 2.09 0 0 1 2.09 2.09v.72a1.1 1.1 0 0 0 .316.768l.504.504a2.09 2.09 0 0 1 .009 2.956h-.001l-.007.007-.505.506a1.09 1.09 0 0 0-.316.766v.723a2.09 2.09 0 0 1-2.09 2.089h-.724c-.287 0-.562.114-.766.316l-.504.504H9.48a2.09 2.09 0 0 1-2.953.01h-.001l-.002-.003-.007-.006-.504-.505a1.1 1.1 0 0 0-.767-.316h-.721a2.09 2.09 0 0 1-2.09-2.09v-.724a1.09 1.09 0 0 0-.316-.765l-.503-.505h-.001a2.09 2.09 0 0 1-.018-2.945l.008-.009.002-.002h.001l.006-.007.505-.505a1.1 1.1 0 0 0 .317-.768zm6.348-2.194.496.497h.001c.392.39.92.608 1.472.608h.722c.602 0 1.09.487 1.09 1.09v.72c0 .552.218 1.082.607 1.473v.002l.507.506a1.09 1.09 0 0 1 .006 1.541M8.769 2.317l.016.015z"
                            ></path>
                            <path
                              fill-rule="evenodd"
                              d="M10.363 5.64a.5.5 0 0 1 0 .707l-4.016 4.016a.5.5 0 0 1-.707-.707L9.656 5.64a.5.5 0 0 1 .707 0"
                            ></path>
                            <path
                              d="M9.953 10.766a.813.813 0 1 0 0-1.626.813.813 0 0 0 0 1.626M6.047 6.806a.813.813 0 1 0 0-1.626.813.813 0 0 0 0 1.626"
                            ></path></svg></span
                        ><span
                          class="k-text-style k-text-style--body-s k-text--weight-regular"
                          >Tilbud</span
                        >
                      </div></a
                    ><a
                      class="k-text-style k-text-style--body-m k-text--none k-link sub-header_navItem__ijHlH k-link--text AppLink_AppLink__uXETs"
                      href="/no/recipes/"
                      ><div class="k-flex k-align-items-center k-flex--gap-2">
                        <span class="k-icon k-icon-fill-default k-icon-w20"
                          ><svg
                            xmlns="http://www.w3.org/2000/svg"
                            fill="none"
                            viewBox="0 0 16 16"
                            role="presentation"
                          >
                            <path
                              d="M5 1.5a.5.5 0 0 0-1 0v2a.5.5 0 0 0 1 0z"
                            ></path>
                            <path
                              fill-rule="evenodd"
                              d="M2 4a2.5 2.5 0 0 0 2.014 2.453v1.48q-.21.077-.387.22a1.24 1.24 0 0 0-.46.818l-.51 4.137-.001.001c-.03.25-.001.502.084.738.085.237.223.45.401.629.178.178.393.317.629.412a2 2 0 0 0 1.49 0c.237-.094.452-.234.631-.413.179-.18.317-.394.402-.632a1.6 1.6 0 0 0 .082-.74L5.86 8.97a1.24 1.24 0 0 0-.46-.819 1.4 1.4 0 0 0-.387-.219V6.447A2.5 2.5 0 0 0 7 4V1.5a.5.5 0 0 0-1 0V4a1.5 1.5 0 1 1-3 0V1.5a.5.5 0 0 0-1 0zm2.889 9.96a1 1 0 0 1-.747 0 .9.9 0 0 1-.294-.192.7.7 0 0 1-.167-.259.6.6 0 0 1-.032-.28l.51-4.136v-.004a.25.25 0 0 1 .097-.159.4.4 0 0 1 .258-.086c.103 0 .195.034.258.086.063.05.09.11.096.16l.514 4.136a.6.6 0 0 1-.031.281.7.7 0 0 1-.168.261.9.9 0 0 1-.294.192M10.278 8.954A1.67 1.67 0 0 1 9 7.334V3.71A2.71 2.71 0 0 1 11.71 1h.79a.5.5 0 0 1 .5.5v7.471l.488 4.133c.03.25.002.502-.082.74a1.7 1.7 0 0 1-.402.63 1.9 1.9 0 0 1-.63.414 2 2 0 0 1-1.491 0 1.9 1.9 0 0 1-.629-.412 1.7 1.7 0 0 1-.401-.629 1.6 1.6 0 0 1-.084-.738v-.001zM12 9h-.724q0 .03-.003.06l-.511 4.168a.6.6 0 0 0 .032.281.7.7 0 0 0 .167.26.9.9 0 0 0 .294.19 1 1 0 0 0 .746.001.9.9 0 0 0 .295-.192.7.7 0 0 0 .168-.26.6.6 0 0 0 .031-.282v-.003l-.492-4.164zm-2-5.29c0-.944.766-1.71 1.71-1.71H12v6h-1.333A.667.667 0 0 1 10 7.333z"
                            ></path></svg></span
                        ><span
                          class="k-text-style k-text-style--body-s k-text--weight-regular"
                          >Oppskrifter</span
                        >
                      </div></a
                    ><a
                      class="k-text-style k-text-style--body-m k-text--none k-link sub-header_navItem__ijHlH k-link--text AppLink_AppLink__uXETs"
                      href="/no/about/organization/"
                      ><div class="k-flex k-align-items-center k-flex--gap-2">
                        <span class="k-icon k-icon-fill-default k-icon-w20"
                          ><svg
                            xmlns="http://www.w3.org/2000/svg"
                            fill="none"
                            viewBox="0 0 16 16"
                            role="presentation"
                          >
                            <path
                              fill-rule="evenodd"
                              d="M5 3H1.933C1.418 3 1 3.448 1 4v10c0 .552.418 1 .933 1h12.134c.515 0 .933-.448.933-1V4c0-.552-.418-1-.933-1H11v-.4c0-.424-.18-.831-.502-1.131A1.78 1.78 0 0 0 9.286 1H6.714c-.454 0-.89.169-1.212.469S5 2.176 5 2.6zm9.04 3V4a.1.1 0 0 0-.008-.04H1.968A.1.1 0 0 0 1.96 4v2c0 .296.11.568.289.76.176.188.4.28.618.28h10.266a.85.85 0 0 0 .619-.28c.178-.192.288-.464.288-.76M1.96 7.748V14q.001.027.008.04h12.064a.1.1 0 0 0 .008-.04V7.748a1.77 1.77 0 0 1-.907.252H9.48v1.275c0 .378-.208.695-.491.901A1.7 1.7 0 0 1 8 10.48c-.351 0-.708-.1-.989-.304-.283-.206-.491-.523-.491-.901V8H2.867a1.77 1.77 0 0 1-.907-.252M7.48 8v1.275c0 .006.003.057.095.124A.74.74 0 0 0 8 9.52c.18 0 .331-.053.425-.121.092-.067.095-.118.095-.124V8zM5.96 3v-.4c0-.148.062-.304.197-.43a.82.82 0 0 1 .557-.21h2.572c.22 0 .42.082.557.21a.6.6 0 0 1 .197.43V3z"
                            ></path></svg></span
                        ><span
                          class="k-text-style k-text-style--body-s k-text--weight-regular"
                          >For bedrifter</span
                        >
                      </div></a
                    >
                  </div>
                  <hr
                    class="k-divider sub-header_separator__7aJ_7 k-divider--horizontal"
                  />
                  <div
                    class="sub-header_navSection__ny97L k-flex k-align-items-center k-flex--gap-5"
                  >
                    <a
                      class="k-text-style k-text-style--body-m k-text--none k-link sub-header_navItem__ijHlH k-link--text AppLink_AppLink__uXETs"
                      id="anonymous-nav-item-login"
                      href="/no/user/login/"
                      ><div class="k-flex k-align-items-center k-flex--gap-2">
                        <span
                          class="k-text-style k-text-style--body-s k-text--weight-regular"
                          >Logg inn</span
                        >
                      </div></a
                    ><a
                      class="k-button k-button--small k-button--primary styles_AppLinkButton__xNpXJ AppLink_AppLink__uXETs"
                      id="anonymous-nav-item-signup"
                      href="/no/user/signup/"
                      ><span class="k-text-style k-text-style--label-s"
                        ><span
                          class="k-text-style k-text-style--body-s k-text--weight-medium"
                          >Opprett konto</span
                        ></span
                      ></a
                    >
                  </div>
                </div>
              </nav>
            </div>
          </div>
        </header>
        <span></span>
        <main class="k-pt-0 k-pb-0 k-flex--grow-1">
          <div class="k-row">
            <div class="k-row__container k-pt-7 lg:k-pt-8 k-pb-8">
              <div class="k-grid">
                <div class="k-grid-span-12 k-column">
                  <nav data-testid="breadcrumbs">
                    <p class="Breadcrumbs_BreadcrumbContainer__CQuh4 k-flex">
                      <a
                        class="k-text-style k-text-style--body-m k-text--none k-link Breadcrumbs_breadcrumb__3h8r5 AppLink_AppLink__uXETs"
                        href="/no/"
                        ><span
                          class="k-flex k-align-items-center k-justify-content-center k-flex--gap-2 k-flex--direction-row"
                          ><span
                            class="k-icon k-icon-fill-default k-icon-w16 Breadcrumbs_Icon__IP0j5"
                            ><svg
                              xmlns="http://www.w3.org/2000/svg"
                              fill="none"
                              viewBox="0 0 16 16"
                              role="presentation"
                            >
                              <path
                                fill-rule="evenodd"
                                d="M10.317 2.113a.5.5 0 0 1 .07.704L6.146 8l4.241 5.183a.5.5 0 0 1-.774.634L5.165 8.38a.6.6 0 0 1 0-.76l4.448-5.437a.5.5 0 0 1 .704-.07"
                              ></path></svg></span
                          ><span
                            class="k-text-style k-text-style--body-m k-text-color--default"
                            >Hjem</span
                          ></span
                        ></a
                      ><span
                        role="presentation"
                        class="k-text-style k-text-style--body-m k-text-color--subdued Breadcrumbs_breadcrumbSlash__Vw1uE"
                        >/</span
                      ><a
                        class="k-text-style k-text-style--body-m k-text--none k-link Breadcrumbs_breadcrumb__3h8r5 AppLink_AppLink__uXETs"
                        href="/no/products/"
                        ><span
                          class="k-flex k-align-items-center k-justify-content-center k-flex--gap-2 k-flex--direction-row"
                          ><span
                            class="k-icon k-icon-fill-default k-icon-w16 Breadcrumbs_Icon__IP0j5"
                            ><svg
                              xmlns="http://www.w3.org/2000/svg"
                              fill="none"
                              viewBox="0 0 16 16"
                              role="presentation"
                            >
                              <path
                                fill-rule="evenodd"
                                d="M10.317 2.113a.5.5 0 0 1 .07.704L6.146 8l4.241 5.183a.5.5 0 0 1-.774.634L5.165 8.38a.6.6 0 0 1 0-.76l4.448-5.437a.5.5 0 0 1 .704-.07"
                              ></path></svg></span
                          ><span
                            class="k-text-style k-text-style--body-m k-text-color--default"
                            >Alle produkter</span
                          ></span
                        ></a
                      ><span
                        role="presentation"
                        class="k-text-style k-text-style--body-m k-text-color--subdued Breadcrumbs_breadcrumbSlash__Vw1uE"
                        >/</span
                      ><a
                        class="k-text-style k-text-style--body-m k-text--none k-link Breadcrumbs_breadcrumb__3h8r5 AppLink_AppLink__uXETs"
                        href="/no/categories/32-middager-og-tilbehor/"
                        ><span
                          class="k-flex k-align-items-center k-justify-content-center k-flex--gap-2 k-flex--direction-row"
                          ><span
                            class="k-icon k-icon-fill-default k-icon-w16 Breadcrumbs_Icon__IP0j5"
                            ><svg
                              xmlns="http://www.w3.org/2000/svg"
                              fill="none"
                              viewBox="0 0 16 16"
                              role="presentation"
                            >
                              <path
                                fill-rule="evenodd"
                                d="M10.317 2.113a.5.5 0 0 1 .07.704L6.146 8l4.241 5.183a.5.5 0 0 1-.774.634L5.165 8.38a.6.6 0 0 1 0-.76l4.448-5.437a.5.5 0 0 1 .704-.07"
                              ></path></svg></span
                          ><span
                            class="k-text-style k-text-style--body-m k-text-color--default"
                            >Middager og tilbehør</span
                          ></span
                        ></a
                      ><span
                        role="presentation"
                        class="k-text-style k-text-style--body-m k-text-color--subdued Breadcrumbs_breadcrumbSlash__Vw1uE"
                        >/</span
                      ><a
                        class="k-text-style k-text-style--body-m k-text--none k-link Breadcrumbs_breadcrumb__3h8r5 AppLink_AppLink__uXETs"
                        href="/no/categories/32-middager-og-tilbehor/448-asiatisk/"
                        ><span
                          class="k-flex k-align-items-center k-justify-content-center k-flex--gap-2 k-flex--direction-row"
                          ><span
                            class="k-icon k-icon-fill-default k-icon-w16 Breadcrumbs_Icon__IP0j5"
                            ><svg
                              xmlns="http://www.w3.org/2000/svg"
                              fill="none"
                              viewBox="0 0 16 16"
                              role="presentation"
                            >
                              <path
                                fill-rule="evenodd"
                                d="M10.317 2.113a.5.5 0 0 1 .07.704L6.146 8l4.241 5.183a.5.5 0 0 1-.774.634L5.165 8.38a.6.6 0 0 1 0-.76l4.448-5.437a.5.5 0 0 1 .704-.07"
                              ></path></svg></span
                          ><span
                            class="k-text-style k-text-style--body-m k-text-color--default"
                            >Asiatisk</span
                          ></span
                        ></a
                      ><span
                        role="presentation"
                        class="k-text-style k-text-style--body-m k-text-color--subdued Breadcrumbs_breadcrumbSlash__Vw1uE"
                        >/</span
                      ><a
                        class="k-text-style k-text-style--body-m k-text--none k-link Breadcrumbs_breadcrumb__3h8r5 AppLink_AppLink__uXETs"
                        href="/no/categories/32-middager-og-tilbehor/448-asiatisk/450-wok/"
                        ><span
                          class="k-flex k-align-items-center k-justify-content-center k-flex--gap-2 k-flex--direction-row"
                          ><span
                            class="k-icon k-icon-fill-default k-icon-w16 Breadcrumbs_Icon__IP0j5"
                            ><svg
                              xmlns="http://www.w3.org/2000/svg"
                              fill="none"
                              viewBox="0 0 16 16"
                              role="presentation"
                            >
                              <path
                                fill-rule="evenodd"
                                d="M10.317 2.113a.5.5 0 0 1 .07.704L6.146 8l4.241 5.183a.5.5 0 0 1-.774.634L5.165 8.38a.6.6 0 0 1 0-.76l4.448-5.437a.5.5 0 0 1 .704-.07"
                              ></path></svg></span
                          ><span
                            class="k-text-style k-text-style--body-m k-text-color--default"
                            >Wok</span
                          ></span
                        ></a
                      ><span class="k-visually-hidden"
                        ><a
                          class="AppLink_AppLink__uXETs"
                          href="/no/products/29321-blue-dragon-panko-breadcrumbs/"
                          ><span
                            class="k-flex k-align-items-center k-justify-content-center k-flex--gap-2 k-flex--direction-row"
                            ><span
                              class="k-icon k-icon-fill-default k-icon-w16 Breadcrumbs_Icon__IP0j5"
                              ><svg
                                xmlns="http://www.w3.org/2000/svg"
                                fill="none"
                                viewBox="0 0 16 16"
                                role="presentation"
                              >
                                <path
                                  fill-rule="evenodd"
                                  d="M10.317 2.113a.5.5 0 0 1 .07.704L6.146 8l4.241 5.183a.5.5 0 0 1-.774.634L5.165 8.38a.6.6 0 0 1 0-.76l4.448-5.437a.5.5 0 0 1 .704-.07"
                                ></path></svg></span
                            ><span class="k-text-style k-text-style--body-m"
                              >Panko Breadcrumbs</span
                            ></span
                          ></a
                        ></span
                      >
                    </p>
                  </nav>
                  <div
                    class="k-spacer-spacing-3 md:k-spacer-spacing-6"
                    role="none"
                  ></div>
                </div>
              </div>
              <div class="k-grid k-grid--row-gap-spacing-4">
                <div class="k-grid-span-12 lg:k-grid-span-5 k-column">
                  <div
                    class="styles_imageBox__Gc066 k-flex k-p-3 lg:k-p-5 k-border-radius-small k-justify-content-center k-flex--direction-column"
                  >
                    <div
                      class="styles_product-image__I_dAU k-overflow-hidden k-border-radius-small"
                    >
                      <div class="k-aspect-ratio k-aspect-ratio--4-3">
                        <img
                          class="k-image k-image--contain"
                          alt="Blue Dragon Panko Breadcrumbs"
                          src="https://bilder.kolonial.no/local_products/76068df9-8718-4081-8728-baed3f122f0e.jpeg?auto=format&amp;fit=max&amp;w=280&amp;s=5d4fc17922b12abb89919b18439d614b"
                        />
                      </div>
                    </div>
                  </div>
                </div>
                <div
                  class="k-grid-span-12 lg:k-grid-span-6 k-grid-start-1 lg:k-grid-start-7 k-column"
                  data-testid="product-info-section"
                >
                  <h1
                    itemprop="name"
                    class="k-text-style k-text-style--display-xs k-text-color--display"
                  >
                    Panko Breadcrumbs
                  </h1>
                  <div class="k-spacer-spacing-1" role="none"></div>
                  <p
                    class="k-text-style k-text-style--body-xl k-text-color--subdued"
                  >
                    120 g, Blue Dragon
                  </p>
                  <div
                    class="k-spacer-spacing-5 md:k-spacer-spacing-7"
                    role="none"
                  ></div>
                  <span
                    data-testid="29321-product-detail-gross-price"
                    class="k-text-style k-text-style--headline-l k-text--weight-medium ProductPrice_price__NV1aW"
                    >kr 73,00</span
                  >
                  <p
                    data-testid="29321-product-detail-unit-price"
                    class="k-text-style k-text-style--body-m ProductPrice_unit-price__kx7il"
                  >
                    kr 608,33<!-- -->
                    /<!-- -->kg
                  </p>
                  <div class="k-spacer-spacing-4" role="none"></div>
                  <div
                    class="k-flex k-flex--gap-3 k-flex--direction-column md:k-flex--direction-row lg:k-flex--direction-column xl:k-flex--direction-row"
                  >
                    <div class="styles_CartButtons__gfPGj">
                      <div
                        class="k-inline-flex k-box--full-width"
                        data-testid="cart-buttons"
                      >
                        <button
                          class="k-button k-button--large k-button--full-width k-button--primary k-button--icon-start"
                        >
                          <span class="k-button__icon"
                            ><svg
                              fill="none"
                              viewBox="0 0 16 16"
                              role="presentation"
                              width="1.5em"
                              height="1.5em"
                              class="k-icon"
                            >
                              <path
                                fill-rule="evenodd"
                                clip-rule="evenodd"
                                d="M1 3a2 2 0 0 1 2-2h10a2 2 0 0 1 2 2v10a2 2 0 0 1-2 2H3a2 2 0 0 1-2-2V3Zm2-1a1 1 0 0 0-1 1v10a1 1 0 0 0 1 1h10a1 1 0 0 0 1-1V3a1 1 0 0 0-1-1H3Z"
                              ></path>
                              <path
                                fill-rule="evenodd"
                                clip-rule="evenodd"
                                d="M4.833 8.042a.5.5 0 0 1 .5-.5h5.334a.5.5 0 0 1 0 1H5.333a.5.5 0 0 1-.5-.5Z"
                              ></path>
                              <path
                                fill-rule="evenodd"
                                clip-rule="evenodd"
                                d="M8 4.833a.5.5 0 0 1 .5.5v5.334a.5.5 0 1 1-1 0V5.333a.5.5 0 0 1 .5-.5Z"
                              ></path></svg></span
                          ><span class="k-text-style k-text-style--label-m"
                            ><span class="k-text-style k-text-style--body-m"
                              >Legg til i handlekurven</span
                            ></span
                          >
                        </button>
                      </div>
                    </div>
                  </div>
                </div>
              </div>
              <div
                class="k-spacer-spacing-5 lg:k-spacer-spacing-7"
                role="none"
              ></div>
              <div class="k-grid">
                <div class="k-grid-span-12 lg:k-grid-span-4 k-column">
                  <div class="k-flex">
                    <hr class="k-divider k-divider--horizontal" />
                  </div>
                </div>
              </div>
              <section>
                <div class="k-grid k-grid--row-gap-spacing-4">
                  <div class="k-grid-span-12 lg:k-grid-span-4 k-column">
                    <div class="k-pt-5">
                      <h1
                        class="k-text-style k-text-style--title-l k-text--weight-semi-bold"
                      >
                        Om produktet
                      </h1>
                      <div class="k-spacer-spacing-6" role="none"></div>
                      <div
                        class="k-flex k-flex--gap-6 lg:k-flex--gap-7 k-flex--direction-column"
                      >
                        <div class="">
                          <div
                            class="styles_ReadMore__JFqrt"
                            id="read-more-product-description-nb"
                            style="max-height: 150px"
                          >
                            <div
                              class="k-flex k-flex--gap-4 k-flex--direction-column"
                            >
                              <p
                                class="k-text-style k-text-style--body-m k-text--weight-medium"
                              >
                                Beskrivelse fra leverandøren
                              </p>
                              <div class="k-spacer-spacing-2" role="none"></div>
                              <p
                                class="k-text-style k-text-style--body-m k-text--pre-wrap"
                              >
                                Meget populær ingrediens i japansk mattradisjon.
                                Brukes som coating til reker, fisk, kylling og
                                kjøtt før steking eller fritering. Gir en
                                delikat, crunchy tekstur og nydelig smak!
                              </p>
                            </div>
                          </div>
                        </div>
                        <p class="k-text-style k-text-style--body-m">
                          Haugen-Gruppen AS har levert informasjonen ovenfor.
                        </p>
                        <a
                          class="k-text-style k-text-style--body-m k-text--none k-link k-link--icon AppLink_AppLink__uXETs"
                          href="/no/products/brand/100-blue%20dragon/"
                          ><span
                            class="k-text-style k-text-style--body-m k-text--weight-medium"
                            >Se alle varer fra Blue Dragon</span
                          ><span class="k-icon k-icon-fill-inherit k-icon-w20"
                            ><svg
                              fill="none"
                              viewBox="0 0 16 16"
                              role="presentation"
                              width="1.5em"
                              height="1.5em"
                              class="k-icon"
                            >
                              <path
                                fill-rule="evenodd"
                                d="M5.66782 3.1263C5.46143 3.30976 5.44284 3.6258 5.6263 3.83219L9.33102 8.00001L5.6263 12.1678C5.44284 12.3742 5.46143 12.6903 5.66782 12.8737C5.87421 13.0572 6.19025 13.0386 6.3737 12.8322L10.3737 8.33219C10.5421 8.14274 10.5421 7.85727 10.3737 7.66782L6.3737 3.16782C6.19025 2.96143 5.87421 2.94284 5.66782 3.1263Z"
                                clip-rule="evenodd"
                              ></path></svg></span
                        ></a>
                      </div>
                    </div>
                  </div>
                  <div
                    class="styles_marginHack__OFlRM k-grid-span-12 lg:k-grid-span-8 k-grid-start-1 lg:k-grid-start-5 k-column"
                  >
                    <div class="k-accordion" data-orientation="vertical">
                      <div
                        data-state="open"
                        data-orientation="vertical"
                        class="k-accordion__item"
                        data-testid="accordion-contents-table"
                      >
                        <h3
                          data-orientation="vertical"
                          data-state="open"
                          class="k-accordion__header"
                        >
                          <div
                            class="k-accordion__trigger k-flex k-p-3 k-align-items-center k-flex--gap-3"
                            type="button"
                            aria-controls="radix-:R2llval6:"
                            aria-expanded="true"
                            data-state="open"
                            data-orientation="vertical"
                            id="radix-:Rllval6:"
                            data-radix-collection-item=""
                          >
                            <span
                              class="k-text-style k-text-style--label-l k-text--weight-medium k-text-color--default k-accordion__trigger__title"
                              >Innhold</span
                            ><span class="k-accordion__trigger__icon"></span>
                          </div>
                        </h3>
                        <div
                          data-state="open"
                          id="radix-:R2llval6:"
                          role="region"
                          aria-labelledby="radix-:Rllval6:"
                          data-orientation="vertical"
                          class="k-accordion__content"
                          style="
                            --radix-accordion-content-height: var(
                              --radix-collapsible-content-height
                            );
                            --radix-accordion-content-width: var(
                              --radix-collapsible-content-width
                            );
                          "
                        >
                          <div class="k-grid k-pt-3 k-pb-6">
                            <div
                              class="k-grid-span-12 lg:k-grid-span-4 k-column"
                            >
                              <span
                                class="k-text-style k-text-style--body-m k-text--weight-medium"
                                >Utleveringsdager</span
                              >
                            </div>
                            <div
                              class="k-grid-span-12 lg:k-grid-span-8 k-column"
                            >
                              <p
                                class="k-text-style k-text-style--body-m k-text--pre-wrap"
                              >
                                alle dager
                              </p>
                            </div>
                          </div>
                          <div class="k-grid k-pt-3 k-pb-6">
                            <div
                              class="k-grid-span-12 lg:k-grid-span-4 k-column"
                            >
                              <span
                                class="k-text-style k-text-style--body-m k-text--weight-medium"
                                >Størrelse</span
                              >
                            </div>
                            <div
                              class="k-grid-span-12 lg:k-grid-span-8 k-column"
                            >
                              <p
                                class="k-text-style k-text-style--body-m k-text--pre-wrap"
                              >
                                120 gram
                              </p>
                            </div>
                          </div>
                          <div class="k-grid k-pt-3 k-pb-6">
                            <div
                              class="k-grid-span-12 lg:k-grid-span-4 k-column"
                            >
                              <span
                                class="k-text-style k-text-style--body-m k-text--weight-medium"
                                >Ingredienser</span
                              >
                            </div>
                            <div
                              class="k-grid-span-12 lg:k-grid-span-8 k-column"
                            >
                              <span
                                class="k-text-style k-text-style--body-m k-text-color--subdued"
                                ><strong
                                  role="emphasized"
                                  class="k-text-style k-text-style--body-m k-text--weight-bold"
                                  >Hvetemel</strong
                                >,<!-- -->
                                <span>maisstivelse,<!-- --> </span
                                ><span>palmeolje,<!-- --> </span
                                ><span>antioksidant<!-- --> </span
                                ><span>(Tokoferol-rik-ekstrakt),<!-- --> </span
                                ><span>salt,<!-- --> </span
                                ><span>sukker,<!-- --> </span
                                ><span>gjærekstrakt.<!-- --> </span></span
                              >
                            </div>
                          </div>
                          <div class="k-grid k-pt-3 k-pb-6">
                            <div
                              class="k-grid-span-12 lg:k-grid-span-4 k-column"
                            >
                              <span
                                class="k-text-style k-text-style--body-m k-text--weight-medium"
                                >Allergener</span
                              >
                            </div>
                            <div
                              class="k-grid-span-12 lg:k-grid-span-8 k-column"
                            >
                              <p
                                class="k-text-style k-text-style--body-m k-text--pre-wrap"
                              >
                                hvetemel.
                              </p>
                            </div>
                          </div>
                          <div class="k-grid k-pt-3 k-pb-6">
                            <div
                              class="k-grid-span-12 lg:k-grid-span-4 k-column"
                            >
                              <span
                                class="k-text-style k-text-style--body-m k-text--weight-medium"
                                >Kan inneholde spor av
                              </span>
                            </div>
                            <div
                              class="k-grid-span-12 lg:k-grid-span-8 k-column"
                            >
                              <p
                                class="k-text-style k-text-style--body-m k-text--pre-wrap"
                              >
                                peanøtter, soyabønner, nøtter, sesamfrø.
                              </p>
                            </div>
                          </div>
                          <div class="k-grid k-pt-3 k-pb-6">
                            <div
                              class="k-grid-span-12 lg:k-grid-span-4 k-column"
                            >
                              <span
                                class="k-text-style k-text-style--body-m k-text--weight-medium"
                                >Opphavssted</span
                              >
                            </div>
                            <div
                              class="k-grid-span-12 lg:k-grid-span-8 k-column"
                            >
                              <p
                                class="k-text-style k-text-style--body-m k-text--pre-wrap"
                              >
                                Thailand
                              </p>
                            </div>
                          </div>
                          <div class="k-grid k-pt-3 k-pb-6">
                            <div
                              class="k-grid-span-12 lg:k-grid-span-4 k-column"
                            >
                              <span
                                class="k-text-style k-text-style--body-m k-text--weight-medium"
                                >Leverandør</span
                              >
                            </div>
                            <div
                              class="k-grid-span-12 lg:k-grid-span-8 k-column"
                            >
                              <p
                                class="k-text-style k-text-style--body-m k-text--pre-wrap"
                              >
                                Haugen-Gruppen AS
                              </p>
                            </div>
                          </div>
                        </div>
                      </div>
                      <div
                        data-state="closed"
                        data-orientation="vertical"
                        class="k-accordion__item"
                        data-testid="accordion-nutrition-info-table"
                      >
                        <h3
                          data-orientation="vertical"
                          data-state="closed"
                          class="k-accordion__header"
                        >
                          <div
                            class="k-accordion__trigger k-flex k-p-3 k-align-items-center k-flex--gap-3"
                            type="button"
                            aria-controls="radix-:R2tlval6:"
                            aria-expanded="false"
                            data-state="closed"
                            data-orientation="vertical"
                            id="radix-:Rtlval6:"
                            data-radix-collection-item=""
                          >
                            <span
                              class="k-text-style k-text-style--label-l k-text--weight-medium k-text-color--default k-accordion__trigger__title"
                              >Næringsinnhold</span
                            ><span class="k-accordion__trigger__icon"></span>
                          </div>
                        </h3>
                        <div
                          data-state="closed"
                          id="radix-:R2tlval6:"
                          role="region"
                          aria-labelledby="radix-:Rtlval6:"
                          data-orientation="vertical"
                          class="k-accordion__content"
                          style="
                            --radix-accordion-content-height: var(
                              --radix-collapsible-content-height
                            );
                            --radix-accordion-content-width: var(
                              --radix-collapsible-content-width
                            );
                          "
                        >
                          <div class="k-py-1">
                            <span
                              class="k-text-style k-text-style--body-m k-text--weight-medium"
                              >Næringsinnhold pr. 100g/ml</span
                            >
                          </div>
                          <div class="k-grid k-pt-3 k-pb-6">
                            <div
                              class="k-grid-span-12 lg:k-grid-span-4 k-column"
                            >
                              <span
                                class="k-text-style k-text-style--body-m k-text--weight-medium"
                                >Energi</span
                              >
                            </div>
                            <div
                              class="k-grid-span-12 lg:k-grid-span-8 k-column"
                            >
                              <p
                                class="k-text-style k-text-style--body-m k-text--pre-wrap"
                              >
                                1121 kJ / 266 kcal
                              </p>
                            </div>
                          </div>
                          <div class="k-grid k-pt-3 k-pb-6">
                            <div
                              class="k-grid-span-12 lg:k-grid-span-4 k-column"
                            >
                              <span
                                class="k-text-style k-text-style--body-m k-text--weight-medium"
                                >Fett</span
                              >
                            </div>
                            <div
                              class="k-grid-span-12 lg:k-grid-span-8 k-column"
                            >
                              <p
                                class="k-text-style k-text-style--body-m k-text--pre-wrap"
                              >
                                5.50 g
                              </p>
                            </div>
                          </div>
                          <div class="k-grid k-pt-3 k-pb-6">
                            <div
                              class="k-grid-span-12 lg:k-grid-span-4 k-column"
                            >
                              <span
                                class="k-text-style k-text-style--body-m k-text--weight-medium"
                                >hvorav mettede fettsyrer</span
                              >
                            </div>
                            <div
                              class="k-grid-span-12 lg:k-grid-span-8 k-column"
                            >
                              <p
                                class="k-text-style k-text-style--body-m k-text--pre-wrap"
                              >
                                2.20 g
                              </p>
                            </div>
                          </div>
                          <div class="k-grid k-pt-3 k-pb-6">
                            <div
                              class="k-grid-span-12 lg:k-grid-span-4 k-column"
                            >
                              <span
                                class="k-text-style k-text-style--body-m k-text--weight-medium"
                                >Karbohydrater</span
                              >
                            </div>
                            <div
                              class="k-grid-span-12 lg:k-grid-span-8 k-column"
                            >
                              <p
                                class="k-text-style k-text-style--body-m k-text--pre-wrap"
                              >
                                46.90 g
                              </p>
                            </div>
                          </div>
                          <div class="k-grid k-pt-3 k-pb-6">
                            <div
                              class="k-grid-span-12 lg:k-grid-span-4 k-column"
                            >
                              <span
                                class="k-text-style k-text-style--body-m k-text--weight-medium"
                                >hvorav sukkerarter</span
                              >
                            </div>
                            <div
                              class="k-grid-span-12 lg:k-grid-span-8 k-column"
                            >
                              <p
                                class="k-text-style k-text-style--body-m k-text--pre-wrap"
                              >
                                0.60 g
                              </p>
                            </div>
                          </div>
                          <div class="k-grid k-pt-3 k-pb-6">
                            <div
                              class="k-grid-span-12 lg:k-grid-span-4 k-column"
                            >
                              <span
                                class="k-text-style k-text-style--body-m k-text--weight-medium"
                                >hvorav polyoler</span
                              >
                            </div>
                            <div
                              class="k-grid-span-12 lg:k-grid-span-8 k-column"
                            >
                              <p
                                class="k-text-style k-text-style--body-m k-text--pre-wrap"
                              >
                                0 g
                              </p>
                            </div>
                          </div>
                          <div class="k-grid k-pt-3 k-pb-6">
                            <div
                              class="k-grid-span-12 lg:k-grid-span-4 k-column"
                            >
                              <span
                                class="k-text-style k-text-style--body-m k-text--weight-medium"
                                >hvorav stivelse</span
                              >
                            </div>
                            <div
                              class="k-grid-span-12 lg:k-grid-span-8 k-column"
                            >
                              <p
                                class="k-text-style k-text-style--body-m k-text--pre-wrap"
                              >
                                0 g
                              </p>
                            </div>
                          </div>
                          <div class="k-grid k-pt-3 k-pb-6">
                            <div
                              class="k-grid-span-12 lg:k-grid-span-4 k-column"
                            >
                              <span
                                class="k-text-style k-text-style--body-m k-text--weight-medium"
                                >Kostfiber</span
                              >
                            </div>
                            <div
                              class="k-grid-span-12 lg:k-grid-span-8 k-column"
                            >
                              <p
                                class="k-text-style k-text-style--body-m k-text--pre-wrap"
                              >
                                1.30 g
                              </p>
                            </div>
                          </div>
                          <div class="k-grid k-pt-3 k-pb-6">
                            <div
                              class="k-grid-span-12 lg:k-grid-span-4 k-column"
                            >
                              <span
                                class="k-text-style k-text-style--body-m k-text--weight-medium"
                                >Protein</span
                              >
                            </div>
                            <div
                              class="k-grid-span-12 lg:k-grid-span-8 k-column"
                            >
                              <p
                                class="k-text-style k-text-style--body-m k-text--pre-wrap"
                              >
                                7.70 g
                              </p>
                            </div>
                          </div>
                          <div class="k-grid k-pt-3 k-pb-6">
                            <div
                              class="k-grid-span-12 lg:k-grid-span-4 k-column"
                            >
                              <span
                                class="k-text-style k-text-style--body-m k-text--weight-medium"
                                >Salt</span
                              >
                            </div>
                            <div
                              class="k-grid-span-12 lg:k-grid-span-8 k-column"
                            >
                              <p
                                class="k-text-style k-text-style--body-m k-text--pre-wrap"
                              >
                                0.53 g
                              </p>
                            </div>
                          </div>
                        </div>
                      </div>
                    </div>
                  </div>
                </div>
              </section>
              <div class="k-spacer-spacing-7" role="none"></div>
            </div>
          </div>
          <div class="k-row k-row--nogutter">
            <div class="k-row__container">
              <div
                class="k-grid k-bg--background-default k-px-4 lg:k-px-7 k-pt-7 lg:k-pt-8 k-pb-10 lg:k-pb-12"
                id="alternatives"
              >
                <div class="k-grid-span-12 k-column">
                  <section>
                    <h1 class="k-text-style k-text-style--headline-xs">
                      Relatert
                    </h1>
                    <div
                      class="k-spacer-spacing-3 lg:k-spacer-spacing-4"
                      role="none"
                    ></div>
                    <div class="k-grid k-grid--row-gap-spacing-4">
                      <div
                        class="k-grid-span-6 md:k-grid-span-3 lg:k-grid-span-2 k-column"
                      >
                        <article
                          class="k-card k-card--elevated styles_ProductCard__25bl5 k-flex k-p-1 k-flex--direction-column k-position-relative"
                          data-testid="product-tile"
                        >
                          <div
                            class="k-aspect-ratio k-aspect-ratio--1-1 styles_ProductTileImageBox__5rE_H k-border-radius-small k-position-relative"
                          >
                            <img
                              class="k-image k-image--contain"
                              alt="Panko Brødkumme Brødsmuler"
                              src="https://bilder.kolonial.no/produkter/cc0e7ea9-25ec-4115-9ca5-3ebd5e7a395e.jpg?auto=format&amp;fit=max&amp;w=300&amp;s=2819ea937ab9927b89f25252db54cd36"
                            />
                            <div
                              class="styles_ProductClassifiers___2SNd k-flex k-flex--gap-0 k-flex--direction-row"
                            >
                              <div
                                class="styles_classifierWrapper__y_3o_ styles_classifierWrapperXSmall__PsRrO k-flex k-align-items-center k-justify-content-center"
                              >
                                <div class="styles_classifierXSmall__jmO_j">
                                  <img
                                    class="k-image styles_classifierImage__pY_hG"
                                    alt="Vegansk"
                                    src="https://oda.com/static/products/img/classifier_icons/vegan.c0a8bf457926.png"
                                  />
                                </div>
                              </div>
                            </div>
                            <div
                              class="styles_PromotionalLabels___f_AX k-flex k-flex--gap-1 k-flex--direction-column k-position-absolute"
                            ></div>
                          </div>
                          <div
                            class="styles_ProductTileContentBox__hF5Ni k-flex k-p-3 k-pt-2 k-justify-content-space-between k-flex--direction-column"
                          >
                            <div
                              class="k-flex k-flex--gap-0 k-flex--direction-column"
                            >
                              <a
                                class="k-text-style k-text-style--body-m k-text--none k-link AppLink_LinkContainer__JZumo components_ModalTileLink__xMAm0 k-link--text AppLink_AppLink__uXETs"
                                href="/no/products/29752-panko-brodkumme-brodsmuler/"
                                ><h2
                                  class="k-text-style k-text-style--title-xxs k-text--hyphens-auto styles_hyphens__IEbdn"
                                >
                                  Panko Brødkumme
                                </h2></a
                              ><span
                                class="k-text-style k-text-style--body-s k-text-color--subdued k-text--hyphens-auto styles_hyphens__IEbdn"
                                >Brødsmuler, 125 g</span
                              >
                            </div>
                            <div class="k-flex k-flex--direction-column">
                              <div>
                                <div
                                  class="k-spacer-spacing-2"
                                  role="none"
                                ></div>
                              </div>
                              <div
                                class="k-flex k-align-items-flex-start k-flex--gap-0 k-flex--direction-column"
                              >
                                <span
                                  class="k-text-style k-text-style--body-m k-text--weight-bold k-text-color--display"
                                  >kr 55,20</span
                                >
                                <p
                                  data-testid="29752-unit-price"
                                  class="k-text-style k-text-style--body-s k-text-color--subdued"
                                >
                                  kr 441,60 /kg
                                </p>
                              </div>
                              <div class="k-spacer-spacing-3" role="none"></div>
                              <div
                                class="k-flex k-align-items-center k-justify-content-flex-end"
                              >
                                <div class="styles_CartButtons__gfPGj">
                                  <div
                                    class="k-inline-flex"
                                    data-testid="cart-buttons"
                                  >
                                    <button
                                      aria-label="Legg til i handlekurven"
                                      data-testid="cart-buttons-add"
                                      class="k-button k-button--medium k-button--primary k-button--icon-button"
                                    >
                                      <span class="k-button__icon"
                                        ><svg
                                          xmlns="http://www.w3.org/2000/svg"
                                          fill="none"
                                          viewBox="0 0 16 16"
                                          role="presentation"
                                        >
                                          <path
                                            d="M7 9H1V7h6V1h2v6h6v2H9v6H7z"
                                          ></path></svg
                                      ></span>
                                    </button>
                                  </div>
                                </div>
                              </div>
                            </div>
                          </div>
                        </article>
                      </div>
                      <div
                        class="k-grid-span-6 md:k-grid-span-3 lg:k-grid-span-2 k-column"
                      >
                        <article
                          class="k-card k-card--elevated styles_ProductCard__25bl5 k-flex k-p-1 k-flex--direction-column k-position-relative"
                          data-testid="product-tile"
                        >
                          <div
                            class="k-aspect-ratio k-aspect-ratio--1-1 styles_ProductTileImageBox__5rE_H k-border-radius-small k-position-relative"
                          >
                            <img
                              class="k-image k-image--contain"
                              alt="Ideal Griljermel"
                              src="https://bilder.kolonial.no/local_products/e0389279-223d-442b-adf0-7c2ba34dd806.jpg?auto=format&amp;fit=max&amp;w=184&amp;s=a8b8926d0cf04517706e7d47b93fa163"
                            />
                            <div
                              class="styles_PromotionalLabels___f_AX k-flex k-flex--gap-1 k-flex--direction-column k-position-absolute"
                            ></div>
                          </div>
                          <div
                            class="styles_ProductTileContentBox__hF5Ni k-flex k-p-3 k-pt-2 k-justify-content-space-between k-flex--direction-column"
                          >
                            <div
                              class="k-flex k-flex--gap-0 k-flex--direction-column"
                            >
                              <a
                                class="k-text-style k-text-style--body-m k-text--none k-link AppLink_LinkContainer__JZumo components_ModalTileLink__xMAm0 k-link--text AppLink_AppLink__uXETs"
                                href="/no/products/40-ideal-griljermel/"
                                ><h2
                                  class="k-text-style k-text-style--title-xxs k-text--hyphens-auto styles_hyphens__IEbdn"
                                >
                                  Griljermel
                                </h2></a
                              ><span
                                class="k-text-style k-text-style--body-s k-text-color--subdued k-text--hyphens-auto styles_hyphens__IEbdn"
                                >400 g</span
                              >
                            </div>
                            <div class="k-flex k-flex--direction-column">
                              <div>
                                <div
                                  class="k-spacer-spacing-2"
                                  role="none"
                                ></div>
                              </div>
                              <div
                                class="k-flex k-align-items-flex-start k-flex--gap-0 k-flex--direction-column"
                              >
                                <span
                                  class="k-text-style k-text-style--body-m k-text--weight-bold k-text-color--display"
                                  >kr 37,80</span
                                >
                                <p
                                  data-testid="40-unit-price"
                                  class="k-text-style k-text-style--body-s k-text-color--subdued"
                                >
                                  kr 94,50 /kg
                                </p>
                              </div>
                              <div class="k-spacer-spacing-3" role="none"></div>
                              <div
                                class="k-flex k-align-items-center k-justify-content-flex-end"
                              >
                                <div class="styles_CartButtons__gfPGj">
                                  <div
                                    class="k-inline-flex"
                                    data-testid="cart-buttons"
                                  >
                                    <button
                                      aria-label="Legg til i handlekurven"
                                      data-testid="cart-buttons-add"
                                      class="k-button k-button--medium k-button--primary k-button--icon-button"
                                    >
                                      <span class="k-button__icon"
                                        ><svg
                                          xmlns="http://www.w3.org/2000/svg"
                                          fill="none"
                                          viewBox="0 0 16 16"
                                          role="presentation"
                                        >
                                          <path
                                            d="M7 9H1V7h6V1h2v6h6v2H9v6H7z"
                                          ></path></svg
                                      ></span>
                                    </button>
                                  </div>
                                </div>
                              </div>
                            </div>
                          </div>
                        </article>
                      </div>
                      <div
                        class="k-grid-span-6 md:k-grid-span-3 lg:k-grid-span-2 k-column"
                      >
                        <article
                          class="k-card k-card--elevated styles_ProductCard__25bl5 k-flex k-p-1 k-flex--direction-column k-position-relative"
                          data-testid="product-tile"
                        >
                          <div
                            class="k-aspect-ratio k-aspect-ratio--1-1 styles_ProductTileImageBox__5rE_H k-border-radius-small k-position-relative"
                          >
                            <img
                              class="k-image k-image--contain"
                              alt="Domstein Fersk Torskefilet Uten Skinn Villfisk"
                              src="https://bilder.kolonial.no/produkter/92f0f4b5-438f-4178-8925-8e5607afb3e2.jpg?auto=format&amp;fit=max&amp;w=300&amp;s=5fa33b936eb1443ea72b582f67c9c7e8"
                            />
                            <div
                              class="styles_ProductClassifiers___2SNd k-flex k-flex--gap-0 k-flex--direction-row"
                            >
                              <div
                                class="styles_classifierWrapper__y_3o_ styles_classifierWrapperXSmall__PsRrO k-flex k-align-items-center k-justify-content-center"
                              >
                                <div class="styles_classifierXSmall__jmO_j">
                                  <img
                                    class="k-image styles_classifierImage__pY_hG"
                                    alt="Holdbarhetsgaranti i 3 dager"
                                    src="https://oda.com/static/products/img/classifier_icons/expiry-3.b2649eefb5d1.png"
                                  />
                                </div>
                              </div>
                            </div>
                            <div
                              class="styles_PromotionalLabels___f_AX k-flex k-flex--gap-1 k-flex--direction-column k-position-absolute"
                            ></div>
                          </div>
                          <div
                            class="styles_ProductTileContentBox__hF5Ni k-flex k-p-3 k-pt-2 k-justify-content-space-between k-flex--direction-column"
                          >
                            <div
                              class="k-flex k-flex--gap-0 k-flex--direction-column"
                            >
                              <a
                                class="k-text-style k-text-style--body-m k-text--none k-link AppLink_LinkContainer__JZumo components_ModalTileLink__xMAm0 k-link--text AppLink_AppLink__uXETs"
                                href="/no/products/30050-domstein-fersk-torskefilet-uten-skinn-villfisk/"
                                ><h2
                                  class="k-text-style k-text-style--title-xxs k-text--hyphens-auto styles_hyphens__IEbdn"
                                >
                                  Fersk Torskefilet Uten Skinn
                                </h2></a
                              ><span
                                class="k-text-style k-text-style--body-s k-text-color--subdued k-text--hyphens-auto styles_hyphens__IEbdn"
                                >Villfisk, ca. 400 g</span
                              >
                            </div>
                            <div class="k-flex k-flex--direction-column">
                              <div>
                                <div
                                  class="k-spacer-spacing-2"
                                  role="none"
                                ></div>
                              </div>
                              <div
                                class="k-flex k-align-items-flex-start k-flex--gap-0 k-flex--direction-column"
                              >
                                <span
                                  class="k-text-style k-text-style--body-m k-text--weight-bold k-text-color--display"
                                  >kr 129,00</span
                                >
                                <p
                                  data-testid="30050-unit-price"
                                  class="k-text-style k-text-style--body-s k-text-color--subdued"
                                >
                                  kr 322,50 /kg
                                </p>
                              </div>
                              <div class="k-spacer-spacing-3" role="none"></div>
                              <div
                                class="k-flex k-align-items-center k-justify-content-flex-end"
                              >
                                <div class="styles_CartButtons__gfPGj">
                                  <div
                                    class="k-inline-flex"
                                    data-testid="cart-buttons"
                                  >
                                    <button
                                      aria-label="Legg til i handlekurven"
                                      data-testid="cart-buttons-add"
                                      class="k-button k-button--medium k-button--primary k-button--icon-button"
                                    >
                                      <span class="k-button__icon"
                                        ><svg
                                          xmlns="http://www.w3.org/2000/svg"
                                          fill="none"
                                          viewBox="0 0 16 16"
                                          role="presentation"
                                        >
                                          <path
                                            d="M7 9H1V7h6V1h2v6h6v2H9v6H7z"
                                          ></path></svg
                                      ></span>
                                    </button>
                                  </div>
                                </div>
                              </div>
                            </div>
                          </div>
                        </article>
                      </div>
                      <div
                        class="k-grid-span-6 md:k-grid-span-3 lg:k-grid-span-2 k-column"
                      >
                        <article
                          class="k-card k-card--elevated styles_ProductCard__25bl5 k-flex k-p-1 k-flex--direction-column k-position-relative"
                          data-testid="product-tile"
                        >
                          <div
                            class="k-aspect-ratio k-aspect-ratio--1-1 styles_ProductTileImageBox__5rE_H k-border-radius-small k-position-relative"
                          >
                            <img
                              class="k-image k-image--contain"
                              alt="East Coast Ekstra Store Rå Scampi Str 8/12, Ferdig rensket"
                              src="https://bilder.kolonial.no/local_products/b9404310-25c5-4f61-b187-afa14f1c87e4.jpg?auto=format&amp;fit=max&amp;w=231&amp;s=163d52468854d6e54216095401abb2fd"
                            />
                            <div
                              class="styles_ProductClassifiers___2SNd k-flex k-flex--gap-0 k-flex--direction-row"
                            >
                              <div
                                class="styles_classifierWrapper__y_3o_ styles_classifierWrapperXSmall__PsRrO k-flex k-align-items-center k-justify-content-center"
                              >
                                <div class="styles_classifierXSmall__jmO_j">
                                  <img
                                    class="k-image styles_classifierImage__pY_hG"
                                    alt="Frysevare"
                                    src="https://oda.com/static/products/img/classifier_icons/frozen.c0e10914d59a.png"
                                  />
                                </div>
                              </div>
                            </div>
                            <div
                              class="styles_PromotionalLabels___f_AX k-flex k-flex--gap-1 k-flex--direction-column k-position-absolute"
                            ></div>
                          </div>
                          <div
                            class="styles_ProductTileContentBox__hF5Ni k-flex k-p-3 k-pt-2 k-justify-content-space-between k-flex--direction-column"
                          >
                            <div
                              class="k-flex k-flex--gap-0 k-flex--direction-column"
                            >
                              <a
                                class="k-text-style k-text-style--body-m k-text--none k-link AppLink_LinkContainer__JZumo components_ModalTileLink__xMAm0 k-link--text AppLink_AppLink__uXETs"
                                href="/no/products/31178-ec-ekstra-store-ra-scampi-str-8-12-ferdig-rensket/"
                                ><h2
                                  class="k-text-style k-text-style--title-xxs k-text--hyphens-auto styles_hyphens__IEbdn"
                                >
                                  Ekstra Store Rå Scampi
                                </h2></a
                              ><span
                                class="k-text-style k-text-style--body-s k-text-color--subdued k-text--hyphens-auto styles_hyphens__IEbdn"
                                >Str 8/12, Ferdig rensket, 1 kg</span
                              >
                            </div>
                            <div class="k-flex k-flex--direction-column">
                              <div>
                                <div
                                  class="k-spacer-spacing-2"
                                  role="none"
                                ></div>
                              </div>
                              <div
                                class="k-flex k-align-items-flex-start k-flex--gap-0 k-flex--direction-column"
                              >
                                <span
                                  class="k-text-style k-text-style--body-m k-text--weight-bold k-text-color--display"
                                  >kr 229,00</span
                                >
                                <p
                                  data-testid="31178-unit-price"
                                  class="k-text-style k-text-style--body-s k-text-color--subdued"
                                >
                                  kr 229,00 /kg
                                </p>
                              </div>
                              <div class="k-spacer-spacing-3" role="none"></div>
                              <div
                                class="k-flex k-align-items-center k-justify-content-flex-end"
                              >
                                <div class="styles_CartButtons__gfPGj">
                                  <div
                                    class="k-inline-flex"
                                    data-testid="cart-buttons"
                                  >
                                    <button
                                      aria-label="Legg til i handlekurven"
                                      data-testid="cart-buttons-add"
                                      class="k-button k-button--medium k-button--primary k-button--icon-button"
                                    >
                                      <span class="k-button__icon"
                                        ><svg
                                          xmlns="http://www.w3.org/2000/svg"
                                          fill="none"
                                          viewBox="0 0 16 16"
                                          role="presentation"
                                        >
                                          <path
                                            d="M7 9H1V7h6V1h2v6h6v2H9v6H7z"
                                          ></path></svg
                                      ></span>
                                    </button>
                                  </div>
                                </div>
                              </div>
                            </div>
                          </div>
                        </article>
                      </div>
                      <div
                        class="k-grid-span-6 md:k-grid-span-3 lg:k-grid-span-2 k-column"
                      >
                        <article
                          class="k-card k-card--elevated styles_ProductCard__25bl5 k-flex k-p-1 k-flex--direction-column k-position-relative"
                          data-testid="product-tile"
                        >
                          <div
                            class="k-aspect-ratio k-aspect-ratio--1-1 styles_ProductTileImageBox__5rE_H k-border-radius-small k-position-relative"
                          >
                            <img
                              class="k-image k-image--contain"
                              alt="East Coast Rå Scampi Uten Skall Str 21/25"
                              src="https://bilder.kolonial.no/produkter/8c1919ad-5015-4277-ad5c-9071a9246390.jpeg?auto=format&amp;fit=max&amp;w=300&amp;s=5ad7fec72ec1616fb23ee9613ccc796b"
                            />
                            <div
                              class="styles_ProductClassifiers___2SNd k-flex k-flex--gap-0 k-flex--direction-row"
                            >
                              <div
                                class="styles_classifierWrapper__y_3o_ styles_classifierWrapperXSmall__PsRrO k-flex k-align-items-center k-justify-content-center"
                              >
                                <div class="styles_classifierXSmall__jmO_j">
                                  <img
                                    class="k-image styles_classifierImage__pY_hG"
                                    alt="Frysevare"
                                    src="https://oda.com/static/products/img/classifier_icons/frozen.c0e10914d59a.png"
                                  />
                                </div>
                              </div>
                            </div>
                            <div
                              class="styles_PromotionalLabels___f_AX k-flex k-flex--gap-1 k-flex--direction-column k-position-absolute"
                            ></div>
                          </div>
                          <div
                            class="styles_ProductTileContentBox__hF5Ni k-flex k-p-3 k-pt-2 k-justify-content-space-between k-flex--direction-column"
                          >
                            <div
                              class="k-flex k-flex--gap-0 k-flex--direction-column"
                            >
                              <a
                                class="k-text-style k-text-style--body-m k-text--none k-link AppLink_LinkContainer__JZumo components_ModalTileLink__xMAm0 k-link--text AppLink_AppLink__uXETs"
                                href="/no/products/29730-east-coast-ra-scampi-uten-skall-str-21-25/"
                                ><h2
                                  class="k-text-style k-text-style--title-xxs k-text--hyphens-auto styles_hyphens__IEbdn"
                                >
                                  Rå Scampi Uten Skall
                                </h2></a
                              ><span
                                class="k-text-style k-text-style--body-s k-text-color--subdued k-text--hyphens-auto styles_hyphens__IEbdn"
                                >Str 21/25, 750 g</span
                              >
                            </div>
                            <div class="k-flex k-flex--direction-column">
                              <div>
                                <div
                                  class="k-spacer-spacing-2"
                                  role="none"
                                ></div>
                              </div>
                              <div
                                class="k-flex k-align-items-flex-start k-flex--gap-0 k-flex--direction-column"
                              >
                                <span
                                  class="k-text-style k-text-style--body-m k-text--weight-bold k-text-color--display"
                                  >kr 149,00</span
                                >
                                <p
                                  data-testid="29730-unit-price"
                                  class="k-text-style k-text-style--body-s k-text-color--subdued"
                                >
                                  kr 198,67 /kg
                                </p>
                              </div>
                              <div class="k-spacer-spacing-3" role="none"></div>
                              <div
                                class="k-flex k-align-items-center k-justify-content-flex-end"
                              >
                                <div class="styles_CartButtons__gfPGj">
                                  <div
                                    class="k-inline-flex"
                                    data-testid="cart-buttons"
                                  >
                                    <button
                                      aria-label="Legg til i handlekurven"
                                      data-testid="cart-buttons-add"
                                      class="k-button k-button--medium k-button--primary k-button--icon-button"
                                    >
                                      <span class="k-button__icon"
                                        ><svg
                                          xmlns="http://www.w3.org/2000/svg"
                                          fill="none"
                                          viewBox="0 0 16 16"
                                          role="presentation"
                                        >
                                          <path
                                            d="M7 9H1V7h6V1h2v6h6v2H9v6H7z"
                                          ></path></svg
                                      ></span>
                                    </button>
                                  </div>
                                </div>
                              </div>
                            </div>
                          </div>
                        </article>
                      </div>
                      <div
                        class="k-grid-span-6 md:k-grid-span-3 lg:k-grid-span-2 k-column"
                      >
                        <article
                          class="k-card k-card--elevated styles_ProductCard__25bl5 k-flex k-p-1 k-flex--direction-column k-position-relative"
                          data-testid="product-tile"
                        >
                          <div
                            class="k-aspect-ratio k-aspect-ratio--1-1 styles_ProductTileImageBox__5rE_H k-border-radius-small k-position-relative"
                          >
                            <img
                              class="k-image k-image--contain"
                              alt="Saitaku Tamari Soyasaus"
                              src="https://bilder.kolonial.no/produkter/b270287e-0283-4f8c-b640-d8b4516cbe73.jpeg?auto=format&amp;fit=max&amp;w=300&amp;s=695e2b5e7e9545d788a0d13c62a22e0a"
                            />
                            <div
                              class="styles_PromotionalLabels___f_AX k-flex k-flex--gap-1 k-flex--direction-column k-position-absolute"
                            ></div>
                          </div>
                          <div
                            class="styles_ProductTileContentBox__hF5Ni k-flex k-p-3 k-pt-2 k-justify-content-space-between k-flex--direction-column"
                          >
                            <div
                              class="k-flex k-flex--gap-0 k-flex--direction-column"
                            >
                              <a
                                class="k-text-style k-text-style--body-m k-text--none k-link AppLink_LinkContainer__JZumo components_ModalTileLink__xMAm0 k-link--text AppLink_AppLink__uXETs"
                                href="/no/products/9920-saitaku-tamari-soyasaus/"
                                ><h2
                                  class="k-text-style k-text-style--title-xxs k-text--hyphens-auto styles_hyphens__IEbdn"
                                >
                                  Tamari Soyasaus
                                </h2></a
                              ><span
                                class="k-text-style k-text-style--body-s k-text-color--subdued k-text--hyphens-auto styles_hyphens__IEbdn"
                                >150 ml</span
                              >
                            </div>
                            <div class="k-flex k-flex--direction-column">
                              <div>
                                <div
                                  class="k-spacer-spacing-2"
                                  role="none"
                                ></div>
                              </div>
                              <div
                                class="k-flex k-align-items-flex-start k-flex--gap-0 k-flex--direction-column"
                              >
                                <span
                                  class="k-text-style k-text-style--body-m k-text--weight-bold k-text-color--display"
                                  >kr 69,80</span
                                >
                                <p
                                  data-testid="9920-unit-price"
                                  class="k-text-style k-text-style--body-s k-text-color--subdued"
                                >
                                  kr 465,33 /l
                                </p>
                              </div>
                              <div class="k-spacer-spacing-3" role="none"></div>
                              <div
                                class="k-flex k-align-items-center k-justify-content-flex-end"
                              >
                                <div class="styles_CartButtons__gfPGj">
                                  <div
                                    class="k-inline-flex"
                                    data-testid="cart-buttons"
                                  >
                                    <button
                                      aria-label="Legg til i handlekurven"
                                      data-testid="cart-buttons-add"
                                      class="k-button k-button--medium k-button--primary k-button--icon-button"
                                    >
                                      <span class="k-button__icon"
                                        ><svg
                                          xmlns="http://www.w3.org/2000/svg"
                                          fill="none"
                                          viewBox="0 0 16 16"
                                          role="presentation"
                                        >
                                          <path
                                            d="M7 9H1V7h6V1h2v6h6v2H9v6H7z"
                                          ></path></svg
                                      ></span>
                                    </button>
                                  </div>
                                </div>
                              </div>
                            </div>
                          </div>
                        </article>
                      </div>
                      <div
                        class="k-grid-span-6 md:k-grid-span-3 lg:k-grid-span-2 k-column"
                      >
                        <article
                          class="k-card k-card--elevated styles_ProductCard__25bl5 k-flex k-p-1 k-flex--direction-column k-position-relative"
                          data-testid="product-tile"
                        >
                          <div
                            class="k-aspect-ratio k-aspect-ratio--1-1 styles_ProductTileImageBox__5rE_H k-border-radius-small k-position-relative"
                          >
                            <img
                              class="k-image k-image--contain"
                              alt="Blue Dragon Oyster Sauce 150ml"
                              src="https://bilder.kolonial.no/local_products/494791f2-fa36-4a21-9800-60d2fc35516d.jpeg?auto=format&amp;fit=max&amp;w=97&amp;s=e15479e4c1aa0a4330b37881923c92f5"
                            />
                            <div
                              class="styles_PromotionalLabels___f_AX k-flex k-flex--gap-1 k-flex--direction-column k-position-absolute"
                            ></div>
                          </div>
                          <div
                            class="styles_ProductTileContentBox__hF5Ni k-flex k-p-3 k-pt-2 k-justify-content-space-between k-flex--direction-column"
                          >
                            <div
                              class="k-flex k-flex--gap-0 k-flex--direction-column"
                            >
                              <a
                                class="k-text-style k-text-style--body-m k-text--none k-link AppLink_LinkContainer__JZumo components_ModalTileLink__xMAm0 k-link--text AppLink_AppLink__uXETs"
                                href="/no/products/30486-blue-dragon-oyster-sauce-150ml/"
                                ><h2
                                  class="k-text-style k-text-style--title-xxs k-text--hyphens-auto styles_hyphens__IEbdn"
                                >
                                  Oyster Sauce 150ml
                                </h2></a
                              ><span
                                class="k-text-style k-text-style--body-s k-text-color--subdued k-text--hyphens-auto styles_hyphens__IEbdn"
                                >150 ml</span
                              >
                            </div>
                            <div class="k-flex k-flex--direction-column">
                              <div>
                                <div
                                  class="k-spacer-spacing-2"
                                  role="none"
                                ></div>
                              </div>
                              <div
                                class="k-flex k-align-items-flex-start k-flex--gap-0 k-flex--direction-column"
                              >
                                <span
                                  class="k-text-style k-text-style--body-m k-text--weight-bold k-text-color--display"
                                  >kr 52,50</span
                                >
                                <p
                                  data-testid="30486-unit-price"
                                  class="k-text-style k-text-style--body-s k-text-color--subdued"
                                >
                                  kr 350,00 /l
                                </p>
                              </div>
                              <div class="k-spacer-spacing-3" role="none"></div>
                              <div
                                class="k-flex k-align-items-center k-justify-content-flex-end"
                              >
                                <div class="styles_CartButtons__gfPGj">
                                  <div
                                    class="k-inline-flex"
                                    data-testid="cart-buttons"
                                  >
                                    <button
                                      aria-label="Legg til i handlekurven"
                                      data-testid="cart-buttons-add"
                                      class="k-button k-button--medium k-button--primary k-button--icon-button"
                                    >
                                      <span class="k-button__icon"
                                        ><svg
                                          xmlns="http://www.w3.org/2000/svg"
                                          fill="none"
                                          viewBox="0 0 16 16"
                                          role="presentation"
                                        >
                                          <path
                                            d="M7 9H1V7h6V1h2v6h6v2H9v6H7z"
                                          ></path></svg
                                      ></span>
                                    </button>
                                  </div>
                                </div>
                              </div>
                            </div>
                          </div>
                        </article>
                      </div>
                      <div
                        class="k-grid-span-6 md:k-grid-span-3 lg:k-grid-span-2 k-column"
                      >
                        <article
                          class="k-card k-card--elevated styles_ProductCard__25bl5 k-flex k-p-1 k-flex--direction-column k-position-relative"
                          data-testid="product-tile"
                        >
                          <div
                            class="k-aspect-ratio k-aspect-ratio--1-1 styles_ProductTileImageBox__5rE_H k-border-radius-small k-position-relative"
                          >
                            <img
                              class="k-image k-image--contain"
                              alt="Blue Dragon Teriyaki Sauce"
                              src="https://bilder.kolonial.no/local_products/c6d6cf26-249e-4219-8b8b-f9e688008ddd.jpeg?auto=format&amp;fit=max&amp;w=91&amp;s=fba64c4c6af7d628a6a8ae8f0f375fa1"
                            />
                            <div
                              class="styles_ProductClassifiers___2SNd k-flex k-flex--gap-0 k-flex--direction-row"
                            >
                              <div
                                class="styles_classifierWrapper__y_3o_ styles_classifierWrapperXSmall__PsRrO k-flex k-align-items-center k-justify-content-center"
                              >
                                <div class="styles_classifierXSmall__jmO_j">
                                  <img
                                    class="k-image styles_classifierImage__pY_hG"
                                    alt="Vegansk"
                                    src="https://oda.com/static/products/img/classifier_icons/vegan.c0a8bf457926.png"
                                  />
                                </div>
                              </div>
                            </div>
                            <div
                              class="styles_PromotionalLabels___f_AX k-flex k-flex--gap-1 k-flex--direction-column k-position-absolute"
                            ></div>
                          </div>
                          <div
                            class="styles_ProductTileContentBox__hF5Ni k-flex k-p-3 k-pt-2 k-justify-content-space-between k-flex--direction-column"
                          >
                            <div
                              class="k-flex k-flex--gap-0 k-flex--direction-column"
                            >
                              <a
                                class="k-text-style k-text-style--body-m k-text--none k-link AppLink_LinkContainer__JZumo components_ModalTileLink__xMAm0 k-link--text AppLink_AppLink__uXETs"
                                href="/no/products/33832-blue-dragon-teriyaki-sauce/"
                                ><h2
                                  class="k-text-style k-text-style--title-xxs k-text--hyphens-auto styles_hyphens__IEbdn"
                                >
                                  Teriyaki Sauce
                                </h2></a
                              ><span
                                class="k-text-style k-text-style--body-s k-text-color--subdued k-text--hyphens-auto styles_hyphens__IEbdn"
                                >250 ml</span
                              >
                            </div>
                            <div class="k-flex k-flex--direction-column">
                              <div>
                                <div
                                  class="k-spacer-spacing-2"
                                  role="none"
                                ></div>
                              </div>
                              <div
                                class="k-flex k-align-items-flex-start k-flex--gap-0 k-flex--direction-column"
                              >
                                <span
                                  class="k-text-style k-text-style--body-m k-text--weight-bold k-text-color--display"
                                  >kr 74,70</span
                                >
                                <p
                                  data-testid="33832-unit-price"
                                  class="k-text-style k-text-style--body-s k-text-color--subdued"
                                >
                                  kr 298,80 /l
                                </p>
                              </div>
                              <div class="k-spacer-spacing-3" role="none"></div>
                              <div
                                class="k-flex k-align-items-center k-justify-content-flex-end"
                              >
                                <div class="styles_CartButtons__gfPGj">
                                  <div
                                    class="k-inline-flex"
                                    data-testid="cart-buttons"
                                  >
                                    <button
                                      aria-label="Legg til i handlekurven"
                                      data-testid="cart-buttons-add"
                                      class="k-button k-button--medium k-button--primary k-button--icon-button"
                                    >
                                      <span class="k-button__icon"
                                        ><svg
                                          xmlns="http://www.w3.org/2000/svg"
                                          fill="none"
                                          viewBox="0 0 16 16"
                                          role="presentation"
                                        >
                                          <path
                                            d="M7 9H1V7h6V1h2v6h6v2H9v6H7z"
                                          ></path></svg
                                      ></span>
                                    </button>
                                  </div>
                                </div>
                              </div>
                            </div>
                          </div>
                        </article>
                      </div>
                      <div
                        class="k-grid-span-6 md:k-grid-span-3 lg:k-grid-span-2 k-column"
                      >
                        <article
                          class="k-card k-card--elevated styles_ProductCard__25bl5 k-flex k-p-1 k-flex--direction-column k-position-relative"
                          data-testid="product-tile"
                        >
                          <div
                            class="k-aspect-ratio k-aspect-ratio--1-1 styles_ProductTileImageBox__5rE_H k-border-radius-small k-position-relative"
                          >
                            <img
                              class="k-image k-image--contain"
                              alt="Heinz Worcestershire Sauce"
                              src="https://bilder.kolonial.no/local_products/2a5466fd-3172-430f-be5a-63b5f1a3e290.jpeg?auto=format&amp;fit=max&amp;w=85&amp;s=00124809dbae4c944a4e02a5c332bb50"
                            />
                            <div
                              class="styles_PromotionalLabels___f_AX k-flex k-flex--gap-1 k-flex--direction-column k-position-absolute"
                            ></div>
                          </div>
                          <div
                            class="styles_ProductTileContentBox__hF5Ni k-flex k-p-3 k-pt-2 k-justify-content-space-between k-flex--direction-column"
                          >
                            <div
                              class="k-flex k-flex--gap-0 k-flex--direction-column"
                            >
                              <a
                                class="k-text-style k-text-style--body-m k-text--none k-link AppLink_LinkContainer__JZumo components_ModalTileLink__xMAm0 k-link--text AppLink_AppLink__uXETs"
                                href="/no/products/5809-heinz-worcestershire-sauce/"
                                ><h2
                                  class="k-text-style k-text-style--title-xxs k-text--hyphens-auto styles_hyphens__IEbdn"
                                >
                                  Worcestershire Sauce
                                </h2></a
                              ><span
                                class="k-text-style k-text-style--body-s k-text-color--subdued k-text--hyphens-auto styles_hyphens__IEbdn"
                                >150 ml</span
                              >
                            </div>
                            <div class="k-flex k-flex--direction-column">
                              <div>
                                <div
                                  class="k-spacer-spacing-2"
                                  role="none"
                                ></div>
                              </div>
                              <div
                                class="k-flex k-align-items-flex-start k-flex--gap-0 k-flex--direction-column"
                              >
                                <span
                                  class="k-text-style k-text-style--body-m k-text--weight-bold k-text-color--display"
                                  >kr 38,30</span
                                >
                                <p
                                  data-testid="5809-unit-price"
                                  class="k-text-style k-text-style--body-s k-text-color--subdued"
                                >
                                  kr 255,33 /l
                                </p>
                              </div>
                              <div class="k-spacer-spacing-3" role="none"></div>
                              <div
                                class="k-flex k-align-items-center k-justify-content-flex-end"
                              >
                                <div class="styles_CartButtons__gfPGj">
                                  <div
                                    class="k-inline-flex"
                                    data-testid="cart-buttons"
                                  >
                                    <button
                                      aria-label="Legg til i handlekurven"
                                      data-testid="cart-buttons-add"
                                      class="k-button k-button--medium k-button--primary k-button--icon-button"
                                    >
                                      <span class="k-button__icon"
                                        ><svg
                                          xmlns="http://www.w3.org/2000/svg"
                                          fill="none"
                                          viewBox="0 0 16 16"
                                          role="presentation"
                                        >
                                          <path
                                            d="M7 9H1V7h6V1h2v6h6v2H9v6H7z"
                                          ></path></svg
                                      ></span>
                                    </button>
                                  </div>
                                </div>
                              </div>
                            </div>
                          </div>
                        </article>
                      </div>
                      <div
                        class="k-grid-span-6 md:k-grid-span-3 lg:k-grid-span-2 k-column"
                      >
                        <article
                          class="k-card k-card--elevated styles_ProductCard__25bl5 k-flex k-p-1 k-flex--direction-column k-position-relative"
                          data-testid="product-tile"
                        >
                          <div
                            class="k-aspect-ratio k-aspect-ratio--1-1 styles_ProductTileImageBox__5rE_H k-border-radius-small k-position-relative"
                          >
                            <img
                              class="k-image k-image--contain"
                              alt="Blue Dragon Sesamolje"
                              src="https://bilder.kolonial.no/local_products/6ad01423-4da8-4abf-8a60-3183fde909a2.jpeg?auto=format&amp;fit=max&amp;w=93&amp;s=27b8cf8bc7dba88c8b72bfcbecc1fe2b"
                            />
                            <div
                              class="styles_ProductClassifiers___2SNd k-flex k-flex--gap-0 k-flex--direction-row"
                            >
                              <div
                                class="styles_classifierWrapper__y_3o_ styles_classifierWrapperXSmall__PsRrO k-flex k-align-items-center k-justify-content-center"
                              >
                                <div class="styles_classifierXSmall__jmO_j">
                                  <img
                                    class="k-image styles_classifierImage__pY_hG"
                                    alt="Vegansk"
                                    src="https://oda.com/static/products/img/classifier_icons/vegan.c0a8bf457926.png"
                                  />
                                </div>
                              </div>
                            </div>
                            <div
                              class="styles_PromotionalLabels___f_AX k-flex k-flex--gap-1 k-flex--direction-column k-position-absolute"
                            ></div>
                          </div>
                          <div
                            class="styles_ProductTileContentBox__hF5Ni k-flex k-p-3 k-pt-2 k-justify-content-space-between k-flex--direction-column"
                          >
                            <div
                              class="k-flex k-flex--gap-0 k-flex--direction-column"
                            >
                              <a
                                class="k-text-style k-text-style--body-m k-text--none k-link AppLink_LinkContainer__JZumo components_ModalTileLink__xMAm0 k-link--text AppLink_AppLink__uXETs"
                                href="/no/products/18919-blue-dragon-sesamolje/"
                                ><h2
                                  class="k-text-style k-text-style--title-xxs k-text--hyphens-auto styles_hyphens__IEbdn"
                                >
                                  Sesamolje
                                </h2></a
                              ><span
                                class="k-text-style k-text-style--body-s k-text-color--subdued k-text--hyphens-auto styles_hyphens__IEbdn"
                                >150 ml</span
                              >
                            </div>
                            <div class="k-flex k-flex--direction-column">
                              <div>
                                <div
                                  class="k-spacer-spacing-2"
                                  role="none"
                                ></div>
                              </div>
                              <div
                                class="k-flex k-align-items-flex-start k-flex--gap-0 k-flex--direction-column"
                              >
                                <span
                                  class="k-text-style k-text-style--body-m k-text--weight-bold k-text-color--display"
                                  >kr 83,30</span
                                >
                                <p
                                  data-testid="18919-unit-price"
                                  class="k-text-style k-text-style--body-s k-text-color--subdued"
                                >
                                  kr 555,33 /l
                                </p>
                              </div>
                              <div class="k-spacer-spacing-3" role="none"></div>
                              <div
                                class="k-flex k-align-items-center k-justify-content-flex-end"
                              >
                                <div class="styles_CartButtons__gfPGj">
                                  <div
                                    class="k-inline-flex"
                                    data-testid="cart-buttons"
                                  >
                                    <button
                                      aria-label="Legg til i handlekurven"
                                      data-testid="cart-buttons-add"
                                      class="k-button k-button--medium k-button--primary k-button--icon-button"
                                    >
                                      <span class="k-button__icon"
                                        ><svg
                                          xmlns="http://www.w3.org/2000/svg"
                                          fill="none"
                                          viewBox="0 0 16 16"
                                          role="presentation"
                                        >
                                          <path
                                            d="M7 9H1V7h6V1h2v6h6v2H9v6H7z"
                                          ></path></svg
                                      ></span>
                                    </button>
                                  </div>
                                </div>
                              </div>
                            </div>
                          </div>
                        </article>
                      </div>
                      <div
                        class="k-grid-span-6 md:k-grid-span-3 lg:k-grid-span-2 k-column"
                      >
                        <article
                          class="k-card k-card--elevated styles_ProductCard__25bl5 k-flex k-p-1 k-flex--direction-column k-position-relative"
                          data-testid="product-tile"
                        >
                          <div
                            class="k-aspect-ratio k-aspect-ratio--1-1 styles_ProductTileImageBox__5rE_H k-border-radius-small k-position-relative"
                          >
                            <img
                              class="k-image k-image--contain"
                              alt="Fredriks Røkeri Fersk Premium Laksefilet"
                              src="https://bilder.kolonial.no/local_products/329431c5-27e1-4b64-a013-f684638ca32d.jpg?auto=format&amp;fit=max&amp;w=245&amp;s=6944ea7bcc99dcdba44a5fcc5e59d5c0"
                            />
                            <div
                              class="styles_ProductClassifiers___2SNd k-flex k-flex--gap-0 k-flex--direction-row"
                            >
                              <div
                                class="styles_classifierWrapper__y_3o_ styles_classifierWrapperXSmall__PsRrO k-flex k-align-items-center k-justify-content-center"
                              >
                                <div class="styles_classifierXSmall__jmO_j">
                                  <img
                                    class="k-image styles_classifierImage__pY_hG"
                                    alt="Holdbarhetsgaranti i 4 dager"
                                    src="https://oda.com/static/products/img/classifier_icons/expiry-4.4f3528f72d28.png"
                                  />
                                </div>
                              </div>
                            </div>
                            <div
                              class="styles_PromotionalLabels___f_AX k-flex k-flex--gap-1 k-flex--direction-column k-position-absolute"
                            ></div>
                          </div>
                          <div
                            class="styles_ProductTileContentBox__hF5Ni k-flex k-p-3 k-pt-2 k-justify-content-space-between k-flex--direction-column"
                          >
                            <div
                              class="k-flex k-flex--gap-0 k-flex--direction-column"
                            >
                              <a
                                class="k-text-style k-text-style--body-m k-text--none k-link AppLink_LinkContainer__JZumo components_ModalTileLink__xMAm0 k-link--text AppLink_AppLink__uXETs"
                                href="/no/products/63121-fredriks-rokeri-fersk-premium-laksefilet/"
                                ><h2
                                  class="k-text-style k-text-style--title-xxs k-text--hyphens-auto styles_hyphens__IEbdn"
                                >
                                  Fersk Premium Laksefilet
                                </h2></a
                              ><span
                                class="k-text-style k-text-style--body-s k-text-color--subdued k-text--hyphens-auto styles_hyphens__IEbdn"
                                >ca. 400 g</span
                              >
                            </div>
                            <div class="k-flex k-flex--direction-column">
                              <div>
                                <div
                                  class="k-spacer-spacing-2"
                                  role="none"
                                ></div>
                              </div>
                              <div
                                class="k-flex k-align-items-flex-start k-flex--gap-0 k-flex--direction-column"
                              >
                                <span
                                  class="k-text-style k-text-style--body-m k-text--weight-bold k-text-color--display"
                                  >kr 179,00</span
                                >
                                <p
                                  data-testid="63121-unit-price"
                                  class="k-text-style k-text-style--body-s k-text-color--subdued"
                                >
                                  kr 447,50 /kg
                                </p>
                              </div>
                              <div class="k-spacer-spacing-3" role="none"></div>
                              <div
                                class="k-flex k-align-items-center k-justify-content-flex-end"
                              >
                                <div class="styles_CartButtons__gfPGj">
                                  <div
                                    class="k-inline-flex"
                                    data-testid="cart-buttons"
                                  >
                                    <button
                                      aria-label="Legg til i handlekurven"
                                      data-testid="cart-buttons-add"
                                      class="k-button k-button--medium k-button--primary k-button--icon-button"
                                    >
                                      <span class="k-button__icon"
                                        ><svg
                                          xmlns="http://www.w3.org/2000/svg"
                                          fill="none"
                                          viewBox="0 0 16 16"
                                          role="presentation"
                                        >
                                          <path
                                            d="M7 9H1V7h6V1h2v6h6v2H9v6H7z"
                                          ></path></svg
                                      ></span>
                                    </button>
                                  </div>
                                </div>
                              </div>
                            </div>
                          </div>
                        </article>
                      </div>
                      <div
                        class="k-grid-span-6 md:k-grid-span-3 lg:k-grid-span-2 k-column"
                      >
                        <article
                          class="k-card k-card--elevated styles_ProductCard__25bl5 k-flex k-p-1 k-flex--direction-column k-position-relative"
                          data-testid="product-tile"
                        >
                          <div
                            class="k-aspect-ratio k-aspect-ratio--1-1 styles_ProductTileImageBox__5rE_H k-border-radius-small k-position-relative"
                          >
                            <img
                              class="k-image k-image--contain"
                              alt="Domstein Laksebiff Uten Skinn Garantert Beinfri"
                              src="https://bilder.kolonial.no/produkter/e9cae792-bfcb-4dbd-bf0a-a26bb6a59a3d.jpg?auto=format&amp;fit=max&amp;w=300&amp;s=88dd9c2c89d41a7b9859a0fad2cf109e"
                            />
                            <div
                              class="styles_ProductClassifiers___2SNd k-flex k-flex--gap-0 k-flex--direction-row"
                            >
                              <div
                                class="styles_classifierWrapper__y_3o_ styles_classifierWrapperXSmall__PsRrO k-flex k-align-items-center k-justify-content-center"
                              >
                                <div class="styles_classifierXSmall__jmO_j">
                                  <img
                                    class="k-image styles_classifierImage__pY_hG"
                                    alt="Holdbarhetsgaranti i 3 dager"
                                    src="https://oda.com/static/products/img/classifier_icons/expiry-3.b2649eefb5d1.png"
                                  />
                                </div>
                              </div>
                            </div>
                            <div
                              class="styles_PromotionalLabels___f_AX k-flex k-flex--gap-1 k-flex--direction-column k-position-absolute"
                            ></div>
                          </div>
                          <div
                            class="styles_ProductTileContentBox__hF5Ni k-flex k-p-3 k-pt-2 k-justify-content-space-between k-flex--direction-column"
                          >
                            <div
                              class="k-flex k-flex--gap-0 k-flex--direction-column"
                            >
                              <a
                                class="k-text-style k-text-style--body-m k-text--none k-link AppLink_LinkContainer__JZumo components_ModalTileLink__xMAm0 k-link--text AppLink_AppLink__uXETs"
                                href="/no/products/30660-domstein-laksebiff-uten-skinn-garantert-beinfri/"
                                ><h2
                                  class="k-text-style k-text-style--title-xxs k-text--hyphens-auto styles_hyphens__IEbdn"
                                >
                                  Laksebiff Uten Skinn
                                </h2></a
                              ><span
                                class="k-text-style k-text-style--body-s k-text-color--subdued k-text--hyphens-auto styles_hyphens__IEbdn"
                                >Garantert Beinfri, 4 stk</span
                              >
                            </div>
                            <div class="k-flex k-flex--direction-column">
                              <div>
                                <div
                                  class="k-spacer-spacing-2"
                                  role="none"
                                ></div>
                              </div>
                              <div
                                class="k-flex k-align-items-flex-start k-flex--gap-0 k-flex--direction-column"
                              >
                                <span
                                  class="k-text-style k-text-style--body-m k-text--weight-bold k-text-color--display"
                                  >kr 179,00</span
                                >
                                <p
                                  data-testid="30660-unit-price"
                                  class="k-text-style k-text-style--body-s k-text-color--subdued"
                                >
                                  kr 358,00 /kg
                                </p>
                              </div>
                              <div class="k-spacer-spacing-3" role="none"></div>
                              <div
                                class="k-flex k-align-items-center k-justify-content-flex-end"
                              >
                                <div class="styles_CartButtons__gfPGj">
                                  <div
                                    class="k-inline-flex"
                                    data-testid="cart-buttons"
                                  >
                                    <button
                                      aria-label="Legg til i handlekurven"
                                      data-testid="cart-buttons-add"
                                      class="k-button k-button--medium k-button--primary k-button--icon-button"
                                    >
                                      <span class="k-button__icon"
                                        ><svg
                                          xmlns="http://www.w3.org/2000/svg"
                                          fill="none"
                                          viewBox="0 0 16 16"
                                          role="presentation"
                                        >
                                          <path
                                            d="M7 9H1V7h6V1h2v6h6v2H9v6H7z"
                                          ></path></svg
                                      ></span>
                                    </button>
                                  </div>
                                </div>
                              </div>
                            </div>
                          </div>
                        </article>
                      </div>
                      <div
                        class="k-grid-span-6 md:k-grid-span-3 lg:k-grid-span-2 k-column"
                      >
                        <article
                          class="k-card k-card--elevated styles_ProductCard__25bl5 k-flex k-p-1 k-flex--direction-column k-position-relative"
                          data-testid="product-tile"
                        >
                          <div
                            class="k-aspect-ratio k-aspect-ratio--1-1 styles_ProductTileImageBox__5rE_H k-border-radius-small k-position-relative"
                          >
                            <img
                              class="k-image k-image--contain"
                              alt="Godehav Scampi Kokt Med Hale Str 31/40"
                              src="https://bilder.kolonial.no/produkter/87730a82-0017-4d31-a966-109aa6a99341.jpeg?auto=format&amp;fit=max&amp;w=300&amp;s=86ec02f90b6bdd91a14bab0a515874a2"
                            />
                            <div
                              class="styles_ProductClassifiers___2SNd k-flex k-flex--gap-0 k-flex--direction-row"
                            >
                              <div
                                class="styles_classifierWrapper__y_3o_ styles_classifierWrapperXSmall__PsRrO k-flex k-align-items-center k-justify-content-center"
                              >
                                <div class="styles_classifierXSmall__jmO_j">
                                  <img
                                    class="k-image styles_classifierImage__pY_hG"
                                    alt="Frysevare"
                                    src="https://oda.com/static/products/img/classifier_icons/frozen.c0e10914d59a.png"
                                  />
                                </div>
                              </div>
                            </div>
                            <div
                              class="styles_PromotionalLabels___f_AX k-flex k-flex--gap-1 k-flex--direction-column k-position-absolute"
                            ></div>
                          </div>
                          <div
                            class="styles_ProductTileContentBox__hF5Ni k-flex k-p-3 k-pt-2 k-justify-content-space-between k-flex--direction-column"
                          >
                            <div
                              class="k-flex k-flex--gap-0 k-flex--direction-column"
                            >
                              <a
                                class="k-text-style k-text-style--body-m k-text--none k-link AppLink_LinkContainer__JZumo components_ModalTileLink__xMAm0 k-link--text AppLink_AppLink__uXETs"
                                href="/no/products/3301-godehav-scampi-kokt-med-hale-str-31-40/"
                                ><h2
                                  class="k-text-style k-text-style--title-xxs k-text--hyphens-auto styles_hyphens__IEbdn"
                                >
                                  Scampi Kokt Med Hale
                                </h2></a
                              ><span
                                class="k-text-style k-text-style--body-s k-text-color--subdued k-text--hyphens-auto styles_hyphens__IEbdn"
                                >Str 31/40, 400 g</span
                              >
                            </div>
                            <div class="k-flex k-flex--direction-column">
                              <div>
                                <div
                                  class="k-spacer-spacing-2"
                                  role="none"
                                ></div>
                              </div>
                              <div
                                class="k-flex k-align-items-flex-start k-flex--gap-0 k-flex--direction-column"
                              >
                                <span
                                  class="k-text-style k-text-style--body-m k-text--weight-bold k-text-color--display"
                                  >kr 119,20</span
                                >
                                <p
                                  data-testid="3301-unit-price"
                                  class="k-text-style k-text-style--body-s k-text-color--subdued"
                                >
                                  kr 298,00 /kg
                                </p>
                              </div>
                              <div class="k-spacer-spacing-3" role="none"></div>
                              <div
                                class="k-flex k-align-items-center k-justify-content-flex-end"
                              >
                                <div class="styles_CartButtons__gfPGj">
                                  <div
                                    class="k-inline-flex"
                                    data-testid="cart-buttons"
                                  >
                                    <button
                                      aria-label="Legg til i handlekurven"
                                      data-testid="cart-buttons-add"
                                      class="k-button k-button--medium k-button--primary k-button--icon-button"
                                    >
                                      <span class="k-button__icon"
                                        ><svg
                                          xmlns="http://www.w3.org/2000/svg"
                                          fill="none"
                                          viewBox="0 0 16 16"
                                          role="presentation"
                                        >
                                          <path
                                            d="M7 9H1V7h6V1h2v6h6v2H9v6H7z"
                                          ></path></svg
                                      ></span>
                                    </button>
                                  </div>
                                </div>
                              </div>
                            </div>
                          </div>
                        </article>
                      </div>
                      <div
                        class="k-grid-span-6 md:k-grid-span-3 lg:k-grid-span-2 k-column"
                      >
                        <article
                          class="k-card k-card--elevated styles_ProductCard__25bl5 k-flex k-p-1 k-flex--direction-column k-position-relative"
                          data-testid="product-tile"
                        >
                          <div
                            class="k-aspect-ratio k-aspect-ratio--1-1 styles_ProductTileImageBox__5rE_H k-border-radius-small k-position-relative"
                          >
                            <img
                              class="k-image k-image--contain"
                              alt="Martin Pouret Hvitvinseddik"
                              src="https://bilder.kolonial.no/produkter/2ad50df5-b1a6-4404-8d30-fd43f9d86779.jpg?auto=format&amp;fit=max&amp;w=300&amp;s=72c388d29b0f2e021360140f43c84aa6"
                            />
                            <div
                              class="styles_PromotionalLabels___f_AX k-flex k-flex--gap-1 k-flex--direction-column k-position-absolute"
                            ></div>
                          </div>
                          <div
                            class="styles_ProductTileContentBox__hF5Ni k-flex k-p-3 k-pt-2 k-justify-content-space-between k-flex--direction-column"
                          >
                            <div
                              class="k-flex k-flex--gap-0 k-flex--direction-column"
                            >
                              <a
                                class="k-text-style k-text-style--body-m k-text--none k-link AppLink_LinkContainer__JZumo components_ModalTileLink__xMAm0 k-link--text AppLink_AppLink__uXETs"
                                href="/no/products/24806-martin-pouret-hvitvinseddik/"
                                ><h2
                                  class="k-text-style k-text-style--title-xxs k-text--hyphens-auto styles_hyphens__IEbdn"
                                >
                                  Hvitvinseddik
                                </h2></a
                              ><span
                                class="k-text-style k-text-style--body-s k-text-color--subdued k-text--hyphens-auto styles_hyphens__IEbdn"
                                >250 ml</span
                              >
                            </div>
                            <div class="k-flex k-flex--direction-column">
                              <div>
                                <div
                                  class="k-spacer-spacing-2"
                                  role="none"
                                ></div>
                              </div>
                              <div
                                class="k-flex k-align-items-flex-start k-flex--gap-0 k-flex--direction-column"
                              >
                                <span
                                  class="k-text-style k-text-style--body-m k-text--weight-bold k-text-color--display"
                                  >kr 69,80</span
                                >
                                <p
                                  data-testid="24806-unit-price"
                                  class="k-text-style k-text-style--body-s k-text-color--subdued"
                                >
                                  kr 279,20 /l
                                </p>
                              </div>
                              <div class="k-spacer-spacing-3" role="none"></div>
                              <div
                                class="k-flex k-align-items-center k-justify-content-flex-end"
                              >
                                <div class="styles_CartButtons__gfPGj">
                                  <div
                                    class="k-inline-flex"
                                    data-testid="cart-buttons"
                                  >
                                    <button
                                      aria-label="Legg til i handlekurven"
                                      data-testid="cart-buttons-add"
                                      class="k-button k-button--medium k-button--primary k-button--icon-button"
                                    >
                                      <span class="k-button__icon"
                                        ><svg
                                          xmlns="http://www.w3.org/2000/svg"
                                          fill="none"
                                          viewBox="0 0 16 16"
                                          role="presentation"
                                        >
                                          <path
                                            d="M7 9H1V7h6V1h2v6h6v2H9v6H7z"
                                          ></path></svg
                                      ></span>
                                    </button>
                                  </div>
                                </div>
                              </div>
                            </div>
                          </div>
                        </article>
                      </div>
                      <div
                        class="k-grid-span-6 md:k-grid-span-3 lg:k-grid-span-2 k-column"
                      >
                        <article
                          class="k-card k-card--elevated styles_ProductCard__25bl5 k-flex k-p-1 k-flex--direction-column k-position-relative"
                          data-testid="product-tile"
                        >
                          <div
                            class="k-aspect-ratio k-aspect-ratio--1-1 styles_ProductTileImageBox__5rE_H k-border-radius-small k-position-relative"
                          >
                            <img
                              class="k-image k-image--contain"
                              alt="Helios Chilipasta Sambal Oelek"
                              src="https://bilder.kolonial.no/local_products/10d506e4-107b-4e14-b6d8-a29a9759aa2a.jpg?auto=format&amp;fit=max&amp;w=179&amp;s=8f63872cae340657a6472e45c1cd769e"
                            />
                            <div
                              class="styles_ProductClassifiers___2SNd k-flex k-flex--gap-0 k-flex--direction-row"
                            >
                              <div
                                class="styles_classifierWrapper__y_3o_ styles_classifierWrapperXSmall__PsRrO k-flex k-align-items-center k-justify-content-center"
                              >
                                <div class="styles_classifierXSmall__jmO_j">
                                  <svg
                                    width="16"
                                    height="16"
                                    fill="none"
                                    viewBox="0 0 20 20"
                                    xmlns="http://www.w3.org/2000/svg"
                                  >
                                    <path
                                      d="M10 20c5.523 0 10-4.477 10-10S15.523 0 10 0 0 4.477 0 10s4.477 10 10 10z"
                                      fill="#106B45"
                                    ></path>
                                    <path
                                      d="m4.91 13.182-.274.682-.818-.364.273-.682c-.91-.545-1.41-1.59-1.41-2.636 0-1.591 1.137-3.091 3.046-3.091.273 0 .546.045.818.09l.364-.817.818.363-.363.773c.909.545 1.454 1.59 1.454 2.682 0 1.59-1.136 3.09-3.045 3.09a5.03 5.03 0 0 1-.864-.09zm-.455-1.227L6.136 8c-.136-.045-.272-.045-.454-.045-1.273 0-2.046 1.09-2.046 2.227.046.682.319 1.364.819 1.773zm3.318-1.773C7.773 9.5 7.5 8.818 7 8.409l-1.682 3.955c.137.045.318.045.455.045 1.182 0 2-1.09 2-2.227zm3.817.954 1.637 1.955h-1.136l-1.455-1.727v1.727h-.909V7.227h.91v3.727l1.454-1.727h1.136l-1.636 1.91zm1.82 0c0-1.09.817-2.045 2.09-2.045s2.09.955 2.09 2.09c0 1.137-.817 2.092-2.09 2.092-1.273-.046-2.09-1-2.09-2.137zm3.226 0c0-.681-.454-1.227-1.181-1.227-.682 0-1.137.591-1.137 1.273 0 .682.455 1.272 1.137 1.272.727-.045 1.181-.636 1.181-1.318z"
                                      fill="#fff"
                                    ></path>
                                  </svg>
                                </div>
                              </div>
                              <div
                                class="styles_classifierWrapper__y_3o_ styles_classifierWrapperXSmall__PsRrO k-flex k-align-items-center k-justify-content-center"
                              >
                                <div class="styles_classifierXSmall__jmO_j">
                                  <img
                                    class="k-image styles_classifierImage__pY_hG"
                                    alt="EU-økologisk"
                                    src="https://bilder.kolonial.no/certifications/e3182d73-d570-432d-99fe-3fc77109a299.png?auto=format&amp;fit=max&amp;w=60&amp;s=5d5228263e3b26021096380b237ff252"
                                  />
                                </div>
                              </div>
                              <div
                                class="styles_classifierWrapper__y_3o_ styles_classifierWrapperXSmall__PsRrO k-flex k-align-items-center k-justify-content-center"
                              >
                                <div class="styles_classifierXSmall__jmO_j">
                                  <img
                                    class="k-image styles_classifierImage__pY_hG"
                                    alt="Debio Ø-merket"
                                    src="https://bilder.kolonial.no/certifications/7d512a62-5004-4ee3-8342-da9eeceb7460.png?auto=format&amp;fit=max&amp;w=60&amp;s=60163fadf10b3a94bfd6ede80cc3aff3"
                                  />
                                </div>
                              </div>
                            </div>
                            <div
                              class="styles_PromotionalLabels___f_AX k-flex k-flex--gap-1 k-flex--direction-column k-position-absolute"
                            ></div>
                          </div>
                          <div
                            class="styles_ProductTileContentBox__hF5Ni k-flex k-p-3 k-pt-2 k-justify-content-space-between k-flex--direction-column"
                          >
                            <div
                              class="k-flex k-flex--gap-0 k-flex--direction-column"
                            >
                              <a
                                class="k-text-style k-text-style--body-m k-text--none k-link AppLink_LinkContainer__JZumo components_ModalTileLink__xMAm0 k-link--text AppLink_AppLink__uXETs"
                                href="/no/products/63884-helios-chilipasta-sambal-oelek/"
                                ><h2
                                  class="k-text-style k-text-style--title-xxs k-text--hyphens-auto styles_hyphens__IEbdn"
                                >
                                  Chilipasta Sambal Oelek
                                </h2></a
                              ><span
                                class="k-text-style k-text-style--body-s k-text-color--subdued k-text--hyphens-auto styles_hyphens__IEbdn"
                                >100 g</span
                              >
                            </div>
                            <div class="k-flex k-flex--direction-column">
                              <div>
                                <div
                                  class="k-spacer-spacing-2"
                                  role="none"
                                ></div>
                              </div>
                              <div
                                class="k-flex k-align-items-flex-start k-flex--gap-0 k-flex--direction-column"
                              >
                                <span
                                  class="k-text-style k-text-style--body-m k-text--weight-bold k-text-color--display"
                                  >kr 49,90</span
                                >
                                <p
                                  data-testid="63884-unit-price"
                                  class="k-text-style k-text-style--body-s k-text-color--subdued"
                                >
                                  kr 499,00 /kg
                                </p>
                              </div>
                              <div class="k-spacer-spacing-3" role="none"></div>
                              <div
                                class="k-flex k-align-items-center k-justify-content-flex-end"
                              >
                                <div class="styles_CartButtons__gfPGj">
                                  <div
                                    class="k-inline-flex"
                                    data-testid="cart-buttons"
                                  >
                                    <button
                                      aria-label="Legg til i handlekurven"
                                      data-testid="cart-buttons-add"
                                      class="k-button k-button--medium k-button--primary k-button--icon-button"
                                    >
                                      <span class="k-button__icon"
                                        ><svg
                                          xmlns="http://www.w3.org/2000/svg"
                                          fill="none"
                                          viewBox="0 0 16 16"
                                          role="presentation"
                                        >
                                          <path
                                            d="M7 9H1V7h6V1h2v6h6v2H9v6H7z"
                                          ></path></svg
                                      ></span>
                                    </button>
                                  </div>
                                </div>
                              </div>
                            </div>
                          </div>
                        </article>
                      </div>
                      <div
                        class="k-grid-span-6 md:k-grid-span-3 lg:k-grid-span-2 k-column"
                      >
                        <article
                          class="k-card k-card--elevated styles_ProductCard__25bl5 k-flex k-p-1 k-flex--direction-column k-position-relative"
                          data-testid="product-tile"
                        >
                          <div
                            class="k-aspect-ratio k-aspect-ratio--1-1 styles_ProductTileImageBox__5rE_H k-border-radius-small k-position-relative"
                          >
                            <img
                              class="k-image k-image--contain"
                              alt="Blue Dragon Riseddik"
                              src="https://bilder.kolonial.no/local_products/43039dc0-8b80-4b8e-9d9d-4d10d2d99cdd.jpeg?auto=format&amp;fit=max&amp;w=91&amp;s=9abc983bc02068ec7a0abe645da27143"
                            />
                            <div
                              class="styles_ProductClassifiers___2SNd k-flex k-flex--gap-0 k-flex--direction-row"
                            >
                              <div
                                class="styles_classifierWrapper__y_3o_ styles_classifierWrapperXSmall__PsRrO k-flex k-align-items-center k-justify-content-center"
                              >
                                <div class="styles_classifierXSmall__jmO_j">
                                  <img
                                    class="k-image styles_classifierImage__pY_hG"
                                    alt="Vegansk"
                                    src="https://oda.com/static/products/img/classifier_icons/vegan.c0a8bf457926.png"
                                  />
                                </div>
                              </div>
                            </div>
                            <div
                              class="styles_PromotionalLabels___f_AX k-flex k-flex--gap-1 k-flex--direction-column k-position-absolute"
                            ></div>
                          </div>
                          <div
                            class="styles_ProductTileContentBox__hF5Ni k-flex k-p-3 k-pt-2 k-justify-content-space-between k-flex--direction-column"
                          >
                            <div
                              class="k-flex k-flex--gap-0 k-flex--direction-column"
                            >
                              <a
                                class="k-text-style k-text-style--body-m k-text--none k-link AppLink_LinkContainer__JZumo components_ModalTileLink__xMAm0 k-link--text AppLink_AppLink__uXETs"
                                href="/no/products/30604-blue-dragon-riseddik/"
                                ><h2
                                  class="k-text-style k-text-style--title-xxs k-text--hyphens-auto styles_hyphens__IEbdn"
                                >
                                  Riseddik
                                </h2></a
                              ><span
                                class="k-text-style k-text-style--body-s k-text-color--subdued k-text--hyphens-auto styles_hyphens__IEbdn"
                                >150 ml</span
                              >
                            </div>
                            <div class="k-flex k-flex--direction-column">
                              <div>
                                <div
                                  class="k-spacer-spacing-2"
                                  role="none"
                                ></div>
                              </div>
                              <div
                                class="k-flex k-align-items-flex-start k-flex--gap-0 k-flex--direction-column"
                              >
                                <span
                                  class="k-text-style k-text-style--body-m k-text--weight-bold k-text-color--display"
                                  >kr 60,20</span
                                >
                                <p
                                  data-testid="30604-unit-price"
                                  class="k-text-style k-text-style--body-s k-text-color--subdued"
                                >
                                  kr 401,33 /l
                                </p>
                              </div>
                              <div class="k-spacer-spacing-3" role="none"></div>
                              <div
                                class="k-flex k-align-items-center k-justify-content-flex-end"
                              >
                                <div class="styles_CartButtons__gfPGj">
                                  <div
                                    class="k-inline-flex"
                                    data-testid="cart-buttons"
                                  >
                                    <button
                                      aria-label="Legg til i handlekurven"
                                      data-testid="cart-buttons-add"
                                      class="k-button k-button--medium k-button--primary k-button--icon-button"
                                    >
                                      <span class="k-button__icon"
                                        ><svg
                                          xmlns="http://www.w3.org/2000/svg"
                                          fill="none"
                                          viewBox="0 0 16 16"
                                          role="presentation"
                                        >
                                          <path
                                            d="M7 9H1V7h6V1h2v6h6v2H9v6H7z"
                                          ></path></svg
                                      ></span>
                                    </button>
                                  </div>
                                </div>
                              </div>
                            </div>
                          </div>
                        </article>
                      </div>
                    </div>
                  </section>
                </div>
              </div>
            </div>
          </div>
        </main>
        <footer class="k-row footer_footer__rqhaA" id="footer">
          <div class="k-row__container k-pt-8 lg:k-pt-9">
            <div
              class="k-grid k-pb-0 md:k-pb-8 k-grid--row-gap-spacing-5 md:k-grid--row-gap-spacing-7"
            >
              <div class="k-grid-span-12 md:k-grid-span-6 k-column">
                <ul
                  class="footer_footerList__vgvk7 k-list k-flex k-flex--gap-0 k-flex--direction-column"
                >
                  <li class="k-list-item">
                    <a
                      class="k-text-style k-text-style--body-m k-text--underline k-link k-text-style k-text-style--title-m k-text--none footer_footerLink__0OS7J AppLink_AppLink__uXETs"
                      href="/no/about/lave-priser/"
                      >Lave priser</a
                    >
                  </li>
                  <li class="k-list-item">
                    <a
                      class="k-text-style k-text-style--body-m k-text--underline k-link k-text-style k-text-style--title-m k-text--none footer_footerLink__0OS7J AppLink_AppLink__uXETs"
                      href="/no/about/bestilling/"
                      >Sånn bestiller du</a
                    >
                  </li>
                  <li class="k-list-item">
                    <a
                      class="k-text-style k-text-style--body-m k-text--underline k-link k-text-style k-text-style--title-m k-text--none footer_footerLink__0OS7J AppLink_AppLink__uXETs"
                      href="/no/about/kvalitet/"
                      >Kvalitet og holdbarhet</a
                    >
                  </li>
                  <li class="k-list-item">
                    <a
                      class="k-text-style k-text-style--body-m k-text--underline k-link k-text-style k-text-style--title-m k-text--none footer_footerLink__0OS7J AppLink_AppLink__uXETs"
                      href="/no/about/hjemlevering/"
                      >Hjemlevering</a
                    >
                  </li>
                  <li class="k-list-item">
                    <a
                      class="k-text-style k-text-style--body-m k-text--underline k-link k-text-style k-text-style--title-m k-text--none footer_footerLink__0OS7J AppLink_AppLink__uXETs"
                      href="/no/about/organization/"
                      >Bedriftslevering</a
                    >
                  </li>
                  <li class="k-list-item">
                    <a
                      class="k-text-style k-text-style--body-m k-text--underline k-link k-text-style k-text-style--title-m k-text--none footer_footerLink__0OS7J AppLink_AppLink__uXETs"
                      href="/no/about/pant-retur/"
                      >Retur av pant</a
                    >
                  </li>
                  <li class="k-list-item">
                    <a
                      class="k-text-style k-text-style--body-m k-text--underline k-link k-text-style k-text-style--title-m k-text--none footer_footerLink__0OS7J AppLink_AppLink__uXETs"
                      href="/no/legal/betingelser/#retur-av-elektronisk-avfall"
                      >Retur av elektronisk avfall</a
                    >
                  </li>
                  <li class="k-list-item">
                    <a
                      class="k-text-style k-text-style--body-m k-text--underline k-link k-text-style k-text-style--title-m k-text--none footer_footerLink__0OS7J AppLink_AppLink__uXETs"
                      href="https://sustainability.oda.com/"
                      >Bærekraft</a
                    >
                  </li>
                  <li class="k-list-item">
                    <a
                      class="k-text-style k-text-style--body-m k-text--underline k-link k-text-style k-text-style--title-m k-text--none footer_footerLink__0OS7J AppLink_AppLink__uXETs"
                      href="/no/about/middagstips/"
                      >Middagstips</a
                    >
                  </li>
                  <li class="k-list-item">
                    <a
                      class="k-text-style k-text-style--body-m k-text--underline k-link k-text-style k-text-style--title-m k-text--none footer_footerLink__0OS7J AppLink_AppLink__uXETs"
                      href="/no/seasonal/paske/"
                      >Påske</a
                    >
                  </li>
                </ul>
              </div>
              <div class="k-grid-span-12 md:k-grid-span-6 k-column">
                <ul
                  class="footer_footerList__vgvk7 k-list k-flex k-flex--gap-0 k-flex--direction-column"
                >
                  <li class="k-list-item">
                    <a
                      class="k-text-style k-text-style--body-m k-text--underline k-link k-text-style k-text-style--title-m k-text--none footer_footerLink__0OS7J AppLink_AppLink__uXETs"
                      href="/no/about/om-oss/"
                      >Om oss</a
                    >
                  </li>
                  <li class="k-list-item">
                    <a
                      class="k-text-style k-text-style--body-m k-text--underline k-link k-text-style k-text-style--title-m k-text--none footer_footerLink__0OS7J AppLink_AppLink__uXETs"
                      href="/no/about/kundeservice/"
                      >Hjelp og kundeservice</a
                    >
                  </li>
                  <li class="k-list-item">
                    <a
                      class="k-text-style k-text-style--body-m k-text--underline k-link k-text-style k-text-style--title-m k-text--none footer_footerLink__0OS7J AppLink_AppLink__uXETs"
                      href="/no/about/last-ned-oda-app/"
                      >Last ned appen</a
                    >
                  </li>
                  <li class="k-list-item">
                    <a
                      class="k-text-style k-text-style--body-m k-text--underline k-link k-text-style k-text-style--title-m k-text--none footer_footerLink__0OS7J AppLink_AppLink__uXETs"
                      href="https://careers.oda.com/"
                      >Jobb og karriere</a
                    >
                  </li>
                  <li class="k-list-item">
                    <a
                      class="k-text-style k-text-style--body-m k-text--underline k-link k-text-style k-text-style--title-m k-text--none footer_footerLink__0OS7J AppLink_AppLink__uXETs"
                      href="/no/account/invite/"
                      >Inviter venner</a
                    >
                  </li>
                </ul>
              </div>
            </div>
          </div>
        </footer>
        <footer class="k-row footer_footerBase__0_8Ts">
          <div class="k-row__container k-grid k-pb-9">
            <div class="k-grid-span-12 k-column">
              <div
                class="k-flex k-pr-4 md:k-pr-0 k-pt-6 md:k-pt-7 k-pb-7 k-align-items-flex-start md:k-align-items-center k-justify-content-flex-start md:k-justify-content-space-between k-flex--gap-3 md:k-flex--gap-6 k-flex--direction-column md:k-flex--direction-row k-flex--wrap-wrap"
              >
                <div
                  class="k-flex k-flex--gap-2 k-flex--direction-row k-flex--wrap-wrap"
                >
                  <div class="k-flex k-align-items-center">
                    <div
                      class="footer_footerBadge__LV0H2 k-overflow-hidden k-border-radius-small"
                    >
                      <div class="k-aspect-ratio k-aspect-ratio--4-3">
                        <img
                          class="k-image k-image--cover"
                          alt="Vipps icon"
                          src="https://cdn.sanity.io/images/1teetjp9/production/a3bdd8ae88ea2a54a937acdbb74fdf7cf7e6ef72-400x300.png"
                          loading="lazy"
                          decoding="async"
                        />
                      </div>
                    </div>
                  </div>
                  <div class="k-flex k-align-items-center">
                    <div
                      class="footer_footerBadge__LV0H2 k-overflow-hidden k-border-radius-small"
                    >
                      <div class="k-aspect-ratio k-aspect-ratio--4-3">
                        <img
                          class="k-image k-image--cover"
                          alt="Apple pay icon"
                          src="https://cdn.sanity.io/images/1teetjp9/production/1aaaef68d078ec6cc78629a8464788426af5867c-400x300.png"
                          loading="lazy"
                          decoding="async"
                        />
                      </div>
                    </div>
                  </div>
                  <div class="k-flex k-align-items-center">
                    <div
                      class="footer_footerBadge__LV0H2 k-overflow-hidden k-border-radius-small"
                    >
                      <div class="k-aspect-ratio k-aspect-ratio--4-3">
                        <img
                          class="k-image k-image--cover"
                          alt="Mastercard icon"
                          src="https://cdn.sanity.io/images/1teetjp9/production/f6254a753339d354bcad51d9b1544e5e22ddc850-400x300.png"
                          loading="lazy"
                          decoding="async"
                        />
                      </div>
                    </div>
                  </div>
                  <div class="k-flex k-align-items-center">
                    <div
                      class="footer_footerBadge__LV0H2 k-overflow-hidden k-border-radius-small"
                    >
                      <div class="k-aspect-ratio k-aspect-ratio--4-3">
                        <img
                          class="k-image k-image--cover"
                          alt="Visa icon"
                          src="https://cdn.sanity.io/images/1teetjp9/production/4295eeb9c665f6eed7e50b58aacbbce294bd3b93-400x300.png"
                          loading="lazy"
                          decoding="async"
                        />
                      </div>
                    </div>
                  </div>
                </div>
                <div
                  class="k-flex k-pt-4 md:k-pt-0 k-flex--gap-5 md:k-flex--gap-6 k-flex--direction-column md:k-flex--direction-row"
                >
                  <p
                    class="k-text-style k-text-style--body-m k-text-color--on-footer"
                  >
                    ©
                    <!-- -->2024<!-- -->
                    <!-- -->Oda
                  </p>
                  <a
                    class="k-text-style k-text-style--body-m k-text--none k-link footer_footerLink__0OS7J AppLink_AppLink__uXETs"
                    href="/no/legal/betingelser/"
                    >Salgs- og bruksvilkår</a
                  ><a
                    class="k-text-style k-text-style--body-m k-text--none k-link footer_footerLink__0OS7J AppLink_AppLink__uXETs"
                    href="/no/legal/personvern/"
                    >Personvern</a
                  ><button
                    tabindex="0"
                    class="k-text-style k-text-style--body-m k-text--none k-link footer_footerLink__0OS7J footer_footerButton__LY9ry k-link--text"
                  >
                    Administrer informasjonskapsler
                  </button>
                </div>
              </div>
            </div>
          </div>
        </footer>
      </div>
    </div>
    <script
      src="https://js.sentry-cdn.com/e13f5e0ded6643088f1bfcbfdd64de0f.min.js"
      crossorigin="anonymous"
    ></script>
    <script id="__NEXT_DATA__" type="application/json">
      {
        "props": {
          "pageProps": {
            "productId": "29321",
            "dehydratedState": {
              "mutations": [],
              "queries": [
                {
                  "state": {
                    "data": {
                      "id": 29321,
                      "fullName": "Blue Dragon Panko Breadcrumbs",
                      "brand": "Blue Dragon",
                      "brandId": 100,
                      "name": "Panko Breadcrumbs",
                      "nameExtra": "120 g",
                      "frontUrl": "https://oda.com/no/products/29321-blue-dragon-panko-breadcrumbs/",
                      "absoluteUrl": "/no/products/29321-blue-dragon-panko-breadcrumbs/",
                      "grossPrice": "73.00",
                      "grossUnitPrice": "608.33",
                      "unitPriceQuantityAbbreviation": "kg",
                      "unitPriceQuantityName": "kilogram",
                      "clientClassifiers": [],
                      "currency": "NOK",
                      "discount": null,
                      "promotion": null,
                      "promotions": [],
                      "availability": {
                        "isAvailable": true,
                        "description": "",
                        "descriptionShort": "",
                        "code": "available"
                      },
                      "metadata": {},
                      "isExemptFromThirdPartyMarketing": false,
                      "images": [
                        {
                          "large": {
                            "url": "https://bilder.kolonial.no/local_products/76068df9-8718-4081-8728-baed3f122f0e.jpeg?auto=format\u0026fit=max\u0026w=280\u0026s=5d4fc17922b12abb89919b18439d614b",
                            "width": 280,
                            "height": 376
                          },
                          "thumbnail": {
                            "url": "https://bilder.kolonial.no/local_products/76068df9-8718-4081-8728-baed3f122f0e.jpeg?auto=format\u0026fit=max\u0026w=223\u0026s=74189fdd596be56f0ead814019283c30",
                            "width": 280,
                            "height": 376
                          },
                          "thumbnailTransparentBg": {
                            "url": "https://bilder.kolonial.no/local_products/76068df9-8718-4081-8728-baed3f122f0e.jpeg?auto=format\u0026bg-remove=true\u0026fit=max\u0026w=223\u0026s=ac4d2971169b876ef523b7bf93058cc9",
                            "width": 280,
                            "height": 376
                          },
                          "variant": "main"
                        }
                      ],
                      "categories": [
                        {
                          "id": 450,
                          "name": "Wok",
                          "uri": "/no/categories/32-middager-og-tilbehor/448-asiatisk/450-wok/",
                          "parent": 448,
                          "parents": [
                            {
                              "id": 32,
                              "name": "Middager og tilbehør",
                              "uri": "https://oda.com/no/categories/32-middager-og-tilbehor/",
                              "slug": "middager-og-tilbehor",
                              "parent": null
                            },
                            {
                              "id": 448,
                              "name": "Asiatisk",
                              "uri": "https://oda.com/no/categories/32-middager-og-tilbehor/448-asiatisk/",
                              "slug": "asiatisk",
                              "parent": 32
                            },
                            {
                              "id": 450,
                              "name": "Wok",
                              "uri": "https://oda.com/no/categories/32-middager-og-tilbehor/448-asiatisk/450-wok/",
                              "slug": "wok",
                              "parent": 448
                            }
                          ],
                          "ordering": 6320,
                          "description": "",
                          "isNew": false,
                          "children": [],
                          "campaignBanners": [],
                          "siblings": [
                            {
                              "id": 1258,
                              "name": "Dim Sum",
                              "uri": "https://oda.com/no/categories/32-middager-og-tilbehor/448-asiatisk/1258-dim-sum/",
                              "slug": "dim-sum",
                              "parent": 448
                            },
                            {
                              "id": 1276,
                              "name": "Vårruller",
                              "uri": "https://oda.com/no/categories/32-middager-og-tilbehor/448-asiatisk/1276-varruller/",
                              "slug": "varruller",
                              "parent": 448
                            },
                            {
                              "id": 449,
                              "name": "Indisk",
                              "uri": "https://oda.com/no/categories/32-middager-og-tilbehor/448-asiatisk/449-indisk/",
                              "slug": "indisk",
                              "parent": 448
                            },
                            {
                              "id": 450,
                              "name": "Wok",
                              "uri": "https://oda.com/no/categories/32-middager-og-tilbehor/448-asiatisk/450-wok/",
                              "slug": "wok",
                              "parent": 448
                            },
                            {
                              "id": 451,
                              "name": "Sushi",
                              "uri": "https://oda.com/no/categories/32-middager-og-tilbehor/448-asiatisk/451-sushi/",
                              "slug": "sushi",
                              "parent": 448
                            },
                            {
                              "id": 453,
                              "name": "Soyasaus, chilisaus og paste",
                              "uri": "https://oda.com/no/categories/32-middager-og-tilbehor/448-asiatisk/453-soyasaus-chilisaus-og-paste/",
                              "slug": "soyasaus-chilisaus-og-paste",
                              "parent": 448
                            },
                            {
                              "id": 454,
                              "name": "Kokosmelk",
                              "uri": "https://oda.com/no/categories/32-middager-og-tilbehor/448-asiatisk/454-kokosmelk/",
                              "slug": "kokosmelk",
                              "parent": 448
                            }
                          ]
                        }
                      ],
                      "contentsHtml": "",
                      "nutritionHtml": "",
                      "bottleDeposit": null,
                      "alternativeProducts": [],
                      "relatedProducts": [],
                      "discountMixAndMatchProducts": null,
                      "detailedInfo": {
                        "country": "NO",
                        "local": [
                          {
                            "language": "nb",
                            "languageName": "Norsk (bokmål)",
                            "localProductName": "Panko Breadcrumbs",
                            "shortDescription": "",
                            "descriptionFromSupplier": "Meget populær ingrediens i japansk mattradisjon. Brukes som coating til reker, fisk, kylling og kjøtt før steking eller fritering. Gir en delikat, crunchy tekstur og nydelig smak!",
                            "nutritionInfoTable": {
                              "title": "Næringsinnhold pr. 100g/ml",
                              "rows": [
                                {
                                  "key": "Energi",
                                  "value": "1121 kJ / 266 kcal",
                                  "badge": null,
                                  "indent": null,
                                  "tooltip": null,
                                  "link": null,
                                  "emphasis": null,
                                  "keyId": null
                                },
                                {
                                  "key": "Fett",
                                  "value": "5.50 g",
                                  "badge": null,
                                  "indent": null,
                                  "tooltip": null,
                                  "link": null,
                                  "emphasis": null,
                                  "keyId": null
                                },
                                {
                                  "key": "hvorav mettede fettsyrer",
                                  "value": "2.20 g",
                                  "badge": null,
                                  "indent": 1,
                                  "tooltip": null,
                                  "link": null,
                                  "emphasis": null,
                                  "keyId": null
                                },
                                {
                                  "key": "Karbohydrater",
                                  "value": "46.90 g",
                                  "badge": null,
                                  "indent": null,
                                  "tooltip": null,
                                  "link": null,
                                  "emphasis": null,
                                  "keyId": null
                                },
                                {
                                  "key": "hvorav sukkerarter",
                                  "value": "0.60 g",
                                  "badge": null,
                                  "indent": 1,
                                  "tooltip": null,
                                  "link": null,
                                  "emphasis": null,
                                  "keyId": null
                                },
                                {
                                  "key": "hvorav polyoler",
                                  "value": "0 g",
                                  "badge": null,
                                  "indent": 1,
                                  "tooltip": null,
                                  "link": null,
                                  "emphasis": null,
                                  "keyId": null
                                },
                                {
                                  "key": "hvorav stivelse",
                                  "value": "0 g",
                                  "badge": null,
                                  "indent": 1,
                                  "tooltip": null,
                                  "link": null,
                                  "emphasis": null,
                                  "keyId": null
                                },
                                {
                                  "key": "Kostfiber",
                                  "value": "1.30 g",
                                  "badge": null,
                                  "indent": null,
                                  "tooltip": null,
                                  "link": null,
                                  "emphasis": null,
                                  "keyId": null
                                },
                                {
                                  "key": "Protein",
                                  "value": "7.70 g",
                                  "badge": null,
                                  "indent": null,
                                  "tooltip": null,
                                  "link": null,
                                  "emphasis": null,
                                  "keyId": null
                                },
                                {
                                  "key": "Salt",
                                  "value": "0.53 g",
                                  "badge": null,
                                  "indent": null,
                                  "tooltip": null,
                                  "link": null,
                                  "emphasis": null,
                                  "keyId": null
                                }
                              ],
                              "disclaimers": null
                            },
                            "contentsTable": {
                              "title": null,
                              "rows": [
                                {
                                  "key": "Beskrivelse fra leverandøren",
                                  "value": "Meget populær ingrediens i japansk mattradisjon. Brukes som coating til reker, fisk, kylling og kjøtt før steking eller fritering. Gir en delikat, crunchy tekstur og nydelig smak!",
                                  "badge": null,
                                  "indent": null,
                                  "tooltip": null,
                                  "link": null,
                                  "emphasis": null,
                                  "keyId": "description-from-supplier"
                                },
                                {
                                  "key": "Utleveringsdager",
                                  "value": "alle dager",
                                  "badge": null,
                                  "indent": null,
                                  "tooltip": null,
                                  "link": null,
                                  "emphasis": null,
                                  "keyId": null
                                },
                                {
                                  "key": "Størrelse",
                                  "value": "120 gram",
                                  "badge": null,
                                  "indent": null,
                                  "tooltip": null,
                                  "link": null,
                                  "emphasis": null,
                                  "keyId": null
                                },
                                {
                                  "key": "Ingredienser",
                                  "value": "Hvetemel, maisstivelse, palmeolje, antioksidant (Tokoferol-rik-ekstrakt), salt, sukker, gjærekstrakt.",
                                  "badge": null,
                                  "indent": null,
                                  "tooltip": null,
                                  "link": null,
                                  "emphasis": {
                                    "keywords": ["hvetemel"],
                                    "emphasisType": "bold",
                                    "reason": "allergens"
                                  },
                                  "keyId": null
                                },
                                {
                                  "key": "Allergener",
                                  "value": "hvetemel.",
                                  "badge": null,
                                  "indent": null,
                                  "tooltip": null,
                                  "link": null,
                                  "emphasis": null,
                                  "keyId": null
                                },
                                {
                                  "key": "Kan inneholde spor av ",
                                  "value": "peanøtter, soyabønner, nøtter, sesamfrø.",
                                  "badge": null,
                                  "indent": null,
                                  "tooltip": null,
                                  "link": null,
                                  "emphasis": null,
                                  "keyId": null
                                },
                                {
                                  "key": "Opphavssted",
                                  "value": "Thailand",
                                  "badge": null,
                                  "indent": null,
                                  "tooltip": null,
                                  "link": null,
                                  "emphasis": null,
                                  "keyId": null
                                },
                                {
                                  "key": "Leverandør",
                                  "value": "Haugen-Gruppen AS",
                                  "badge": null,
                                  "indent": null,
                                  "tooltip": null,
                                  "link": null,
                                  "emphasis": null,
                                  "keyId": null
                                }
                              ],
                              "disclaimers": [
                                "Haugen-Gruppen AS har levert informasjonen ovenfor."
                              ]
                            },
                            "hazards": null
                          }
                        ]
                      },
                      "isProductIncludedInProductLists": null,
                      "isRestricted": false
                    },
                    "dataUpdateCount": 1,
                    "dataUpdatedAt": 1712945702726,
                    "error": null,
                    "errorUpdateCount": 0,
                    "errorUpdatedAt": 0,
                    "fetchFailureCount": 0,
                    "fetchFailureReason": null,
                    "fetchMeta": null,
                    "isInvalidated": false,
                    "status": "success",
                    "fetchStatus": "idle"
                  },
                  "queryKey": ["product-29321"],
                  "queryHash": "[\"product-29321\"]"
                },
                {
                  "state": {
                    "data": {
                      "pages": [
                        {
                          "next": "https://oda.com/api/v1/products/29321/related-products/?page=2\u0026size=18",
                          "previous": null,
                          "results": [
                            {
                              "id": 29752,
                              "fullName": "Panko Brødkumme Brødsmuler",
                              "brand": null,
                              "brandId": null,
                              "name": "Panko Brødkumme",
                              "nameExtra": "Brødsmuler, 125 g",
                              "frontUrl": "https://oda.com/no/products/29752-panko-brodkumme-brodsmuler/",
                              "absoluteUrl": "/no/products/29752-panko-brodkumme-brodsmuler/",
                              "grossPrice": "55.20",
                              "grossUnitPrice": "441.60",
                              "unitPriceQuantityAbbreviation": "kg",
                              "unitPriceQuantityName": "kilogram",
                              "clientClassifiers": [
                                {
                                  "name": "Vegansk",
                                  "imageUrl": "https://oda.com/static/products/img/classifier_icons/vegan.c0a8bf457926.png",
                                  "isImportant": false,
                                  "description": "Produktet er vegansk"
                                }
                              ],
                              "currency": "NOK",
                              "discount": null,
                              "promotion": null,
                              "promotions": [],
                              "availability": {
                                "isAvailable": true,
                                "description": "",
                                "descriptionShort": "",
                                "code": "available"
                              },
                              "metadata": {},
                              "isExemptFromThirdPartyMarketing": false,
                              "images": [
                                {
                                  "large": {
                                    "url": "https://bilder.kolonial.no/produkter/cc0e7ea9-25ec-4115-9ca5-3ebd5e7a395e.jpg?auto=format\u0026fit=max\u0026w=1000\u0026s=cd92749624fc34e63e516ec0c1657c2d",
                                    "width": 6654,
                                    "height": 4480
                                  },
                                  "thumbnail": {
                                    "url": "https://bilder.kolonial.no/produkter/cc0e7ea9-25ec-4115-9ca5-3ebd5e7a395e.jpg?auto=format\u0026fit=max\u0026w=300\u0026s=2819ea937ab9927b89f25252db54cd36",
                                    "width": 6654,
                                    "height": 4480
                                  },
                                  "thumbnailTransparentBg": {
                                    "url": "https://bilder.kolonial.no/produkter/cc0e7ea9-25ec-4115-9ca5-3ebd5e7a395e.jpg?auto=format\u0026bg-remove=true\u0026fit=max\u0026w=300\u0026s=2df05041028e2c137898e0d4a2fee6b3",
                                    "width": 6654,
                                    "height": 4480
                                  },
                                  "variant": "main"
                                }
                              ]
                            },
                            {
                              "id": 40,
                              "fullName": "Ideal Griljermel",
                              "brand": "Ideal",
                              "brandId": 97,
                              "name": "Griljermel",
                              "nameExtra": "400 g",
                              "frontUrl": "https://oda.com/no/products/40-ideal-griljermel/",
                              "absoluteUrl": "/no/products/40-ideal-griljermel/",
                              "grossPrice": "37.80",
                              "grossUnitPrice": "94.50",
                              "unitPriceQuantityAbbreviation": "kg",
                              "unitPriceQuantityName": "kilogram",
                              "clientClassifiers": [],
                              "currency": "NOK",
                              "discount": null,
                              "promotion": null,
                              "promotions": [],
                              "availability": {
                                "isAvailable": true,
                                "description": "",
                                "descriptionShort": "",
                                "code": "available"
                              },
                              "metadata": {},
                              "isExemptFromThirdPartyMarketing": false,
                              "images": [
                                {
                                  "large": {
                                    "url": "https://bilder.kolonial.no/local_products/e0389279-223d-442b-adf0-7c2ba34dd806.jpg?auto=format\u0026fit=max\u0026w=461\u0026s=a89fc86ba6df3b8adfccda7a87938376",
                                    "width": 461,
                                    "height": 752
                                  },
                                  "thumbnail": {
                                    "url": "https://bilder.kolonial.no/local_products/e0389279-223d-442b-adf0-7c2ba34dd806.jpg?auto=format\u0026fit=max\u0026w=184\u0026s=a8b8926d0cf04517706e7d47b93fa163",
                                    "width": 461,
                                    "height": 752
                                  },
                                  "thumbnailTransparentBg": {
                                    "url": "https://bilder.kolonial.no/local_products/e0389279-223d-442b-adf0-7c2ba34dd806.jpg?auto=format\u0026bg-remove=true\u0026fit=max\u0026w=184\u0026s=190ee0a0c28c1f06359a16e9b44d1eb4",
                                    "width": 461,
                                    "height": 752
                                  },
                                  "variant": "main"
                                }
                              ]
                            },
                            {
                              "id": 30050,
                              "fullName": "Domstein Fersk Torskefilet Uten Skinn Villfisk",
                              "brand": "Domstein",
                              "brandId": 1340,
                              "name": "Fersk Torskefilet Uten Skinn",
                              "nameExtra": "Villfisk, ca. 400 g",
                              "frontUrl": "https://oda.com/no/products/30050-domstein-fersk-torskefilet-uten-skinn-villfisk/",
                              "absoluteUrl": "/no/products/30050-domstein-fersk-torskefilet-uten-skinn-villfisk/",
                              "grossPrice": "129.00",
                              "grossUnitPrice": "322.50",
                              "unitPriceQuantityAbbreviation": "kg",
                              "unitPriceQuantityName": "kilogram",
                              "clientClassifiers": [
                                {
                                  "name": "Holdbarhetsgaranti i 3 dager",
                                  "imageUrl": "https://oda.com/static/products/img/classifier_icons/expiry-3.b2649eefb5d1.png",
                                  "isImportant": true,
                                  "description": "Holdbarhetsgaranti i 3 dager"
                                }
                              ],
                              "currency": "NOK",
                              "discount": null,
                              "promotion": null,
                              "promotions": [],
                              "availability": {
                                "isAvailable": true,
                                "description": "",
                                "descriptionShort": "",
                                "code": "available"
                              },
                              "metadata": {},
                              "isExemptFromThirdPartyMarketing": false,
                              "images": [
                                {
                                  "large": {
                                    "url": "https://bilder.kolonial.no/produkter/92f0f4b5-438f-4178-8925-8e5607afb3e2.jpg?auto=format\u0026fit=max\u0026w=1000\u0026s=8da6a1c9eb82a37b753ff0c68fe963c8",
                                    "width": 6186,
                                    "height": 2876
                                  },
                                  "thumbnail": {
                                    "url": "https://bilder.kolonial.no/produkter/92f0f4b5-438f-4178-8925-8e5607afb3e2.jpg?auto=format\u0026fit=max\u0026w=300\u0026s=5fa33b936eb1443ea72b582f67c9c7e8",
                                    "width": 6186,
                                    "height": 2876
                                  },
                                  "thumbnailTransparentBg": {
                                    "url": "https://bilder.kolonial.no/produkter/92f0f4b5-438f-4178-8925-8e5607afb3e2.jpg?auto=format\u0026bg-remove=true\u0026fit=max\u0026w=300\u0026s=de6f8b63a094e959b15d31e87d4c5816",
                                    "width": 6186,
                                    "height": 2876
                                  },
                                  "variant": "main"
                                }
                              ]
                            },
                            {
                              "id": 31178,
                              "fullName": "East Coast Ekstra Store Rå Scampi Str 8/12, Ferdig rensket",
                              "brand": "East Coast",
                              "brandId": 1412,
                              "name": "Ekstra Store Rå Scampi",
                              "nameExtra": "Str 8/12, Ferdig rensket, 1 kg",
                              "frontUrl": "https://oda.com/no/products/31178-ec-ekstra-store-ra-scampi-str-8-12-ferdig-rensket/",
                              "absoluteUrl": "/no/products/31178-ec-ekstra-store-ra-scampi-str-8-12-ferdig-rensket/",
                              "grossPrice": "229.00",
                              "grossUnitPrice": "229.00",
                              "unitPriceQuantityAbbreviation": "kg",
                              "unitPriceQuantityName": "kilogram",
                              "clientClassifiers": [
                                {
                                  "name": "Frysevare",
                                  "imageUrl": "https://oda.com/static/products/img/classifier_icons/frozen.c0e10914d59a.png",
                                  "isImportant": true,
                                  "description": "Produktet er en frysevare"
                                }
                              ],
                              "currency": "NOK",
                              "discount": null,
                              "promotion": null,
                              "promotions": [],
                              "availability": {
                                "isAvailable": true,
                                "description": "",
                                "descriptionShort": "",
                                "code": "available"
                              },
                              "metadata": {},
                              "isExemptFromThirdPartyMarketing": false,
                              "images": [
                                {
                                  "large": {
                                    "url": "https://bilder.kolonial.no/local_products/b9404310-25c5-4f61-b187-afa14f1c87e4.jpg?auto=format\u0026fit=max\u0026w=578\u0026s=c34ef8df2073ec9d2a7cf1a2d7947677",
                                    "width": 578,
                                    "height": 752
                                  },
                                  "thumbnail": {
                                    "url": "https://bilder.kolonial.no/local_products/b9404310-25c5-4f61-b187-afa14f1c87e4.jpg?auto=format\u0026fit=max\u0026w=231\u0026s=163d52468854d6e54216095401abb2fd",
                                    "width": 578,
                                    "height": 752
                                  },
                                  "thumbnailTransparentBg": {
                                    "url": "https://bilder.kolonial.no/local_products/b9404310-25c5-4f61-b187-afa14f1c87e4.jpg?auto=format\u0026bg-remove=true\u0026fit=max\u0026w=231\u0026s=43133828295337fa415fecb6ad837c34",
                                    "width": 578,
                                    "height": 752
                                  },
                                  "variant": "main"
                                }
                              ]
                            },
                            {
                              "id": 29730,
                              "fullName": "East Coast Rå Scampi Uten Skall Str 21/25",
                              "brand": "East Coast",
                              "brandId": 1412,
                              "name": "Rå Scampi Uten Skall",
                              "nameExtra": "Str 21/25, 750 g",
                              "frontUrl": "https://oda.com/no/products/29730-east-coast-ra-scampi-uten-skall-str-21-25/",
                              "absoluteUrl": "/no/products/29730-east-coast-ra-scampi-uten-skall-str-21-25/",
                              "grossPrice": "149.00",
                              "grossUnitPrice": "198.67",
                              "unitPriceQuantityAbbreviation": "kg",
                              "unitPriceQuantityName": "kilogram",
                              "clientClassifiers": [
                                {
                                  "name": "Frysevare",
                                  "imageUrl": "https://oda.com/static/products/img/classifier_icons/frozen.c0e10914d59a.png",
                                  "isImportant": true,
                                  "description": "Produktet er en frysevare"
                                }
                              ],
                              "currency": "NOK",
                              "discount": null,
                              "promotion": null,
                              "promotions": [],
                              "availability": {
                                "isAvailable": true,
                                "description": "",
                                "descriptionShort": "",
                                "code": "available"
                              },
                              "metadata": {},
                              "isExemptFromThirdPartyMarketing": false,
                              "images": [
                                {
                                  "large": {
                                    "url": "https://bilder.kolonial.no/produkter/8c1919ad-5015-4277-ad5c-9071a9246390.jpeg?auto=format\u0026fit=max\u0026w=1000\u0026s=18f6bdd1e88f5cbb01334c891fa0c8c9",
                                    "width": 3000,
                                    "height": 2055
                                  },
                                  "thumbnail": {
                                    "url": "https://bilder.kolonial.no/produkter/8c1919ad-5015-4277-ad5c-9071a9246390.jpeg?auto=format\u0026fit=max\u0026w=300\u0026s=5ad7fec72ec1616fb23ee9613ccc796b",
                                    "width": 3000,
                                    "height": 2055
                                  },
                                  "thumbnailTransparentBg": {
                                    "url": "https://bilder.kolonial.no/produkter/8c1919ad-5015-4277-ad5c-9071a9246390.jpeg?auto=format\u0026bg-remove=true\u0026fit=max\u0026w=300\u0026s=e6bbfd16599f2138b5e77add97f4bf36",
                                    "width": 3000,
                                    "height": 2055
                                  },
                                  "variant": "main"
                                }
                              ]
                            },
                            {
                              "id": 9920,
                              "fullName": "Saitaku Tamari Soyasaus",
                              "brand": "Saitaku",
                              "brandId": 845,
                              "name": "Tamari Soyasaus",
                              "nameExtra": "150 ml",
                              "frontUrl": "https://oda.com/no/products/9920-saitaku-tamari-soyasaus/",
                              "absoluteUrl": "/no/products/9920-saitaku-tamari-soyasaus/",
                              "grossPrice": "69.80",
                              "grossUnitPrice": "465.33",
                              "unitPriceQuantityAbbreviation": "l",
                              "unitPriceQuantityName": "liter",
                              "clientClassifiers": [],
                              "currency": "NOK",
                              "discount": null,
                              "promotion": null,
                              "promotions": [],
                              "availability": {
                                "isAvailable": true,
                                "description": "",
                                "descriptionShort": "",
                                "code": "available"
                              },
                              "metadata": {},
                              "isExemptFromThirdPartyMarketing": false,
                              "images": [
                                {
                                  "large": {
                                    "url": "https://bilder.kolonial.no/produkter/b270287e-0283-4f8c-b640-d8b4516cbe73.jpeg?auto=format\u0026fit=max\u0026w=720\u0026s=6d51530e0b550e51fd101067e1abf641",
                                    "width": 720,
                                    "height": 720
                                  },
                                  "thumbnail": {
                                    "url": "https://bilder.kolonial.no/produkter/b270287e-0283-4f8c-b640-d8b4516cbe73.jpeg?auto=format\u0026fit=max\u0026w=300\u0026s=695e2b5e7e9545d788a0d13c62a22e0a",
                                    "width": 720,
                                    "height": 720
                                  },
                                  "thumbnailTransparentBg": {
                                    "url": "https://bilder.kolonial.no/produkter/b270287e-0283-4f8c-b640-d8b4516cbe73.jpeg?auto=format\u0026bg-remove=true\u0026fit=max\u0026w=300\u0026s=87e58c1774e79f9b6bc2ec4342b0c7f4",
                                    "width": 720,
                                    "height": 720
                                  },
                                  "variant": "main"
                                }
                              ]
                            },
                            {
                              "id": 30486,
                              "fullName": "Blue Dragon Oyster Sauce 150ml",
                              "brand": "Blue Dragon",
                              "brandId": 100,
                              "name": "Oyster Sauce 150ml",
                              "nameExtra": "150 ml",
                              "frontUrl": "https://oda.com/no/products/30486-blue-dragon-oyster-sauce-150ml/",
                              "absoluteUrl": "/no/products/30486-blue-dragon-oyster-sauce-150ml/",
                              "grossPrice": "52.50",
                              "grossUnitPrice": "350.00",
                              "unitPriceQuantityAbbreviation": "l",
                              "unitPriceQuantityName": "liter",
                              "clientClassifiers": [],
                              "currency": "NOK",
                              "discount": null,
                              "promotion": null,
                              "promotions": [],
                              "availability": {
                                "isAvailable": true,
                                "description": "",
                                "descriptionShort": "",
                                "code": "available"
                              },
                              "metadata": {},
                              "isExemptFromThirdPartyMarketing": false,
                              "images": [
                                {
                                  "large": {
                                    "url": "https://bilder.kolonial.no/local_products/494791f2-fa36-4a21-9800-60d2fc35516d.jpeg?auto=format\u0026fit=max\u0026w=121\u0026s=b884fe408697a56f7fa4a5f821b375ce",
                                    "width": 121,
                                    "height": 376
                                  },
                                  "thumbnail": {
                                    "url": "https://bilder.kolonial.no/local_products/494791f2-fa36-4a21-9800-60d2fc35516d.jpeg?auto=format\u0026fit=max\u0026w=97\u0026s=e15479e4c1aa0a4330b37881923c92f5",
                                    "width": 121,
                                    "height": 376
                                  },
                                  "thumbnailTransparentBg": {
                                    "url": "https://bilder.kolonial.no/local_products/494791f2-fa36-4a21-9800-60d2fc35516d.jpeg?auto=format\u0026bg-remove=true\u0026fit=max\u0026w=97\u0026s=e167931d3043b24268c538e8d9f04c4c",
                                    "width": 121,
                                    "height": 376
                                  },
                                  "variant": "main"
                                }
                              ]
                            },
                            {
                              "id": 33832,
                              "fullName": "Blue Dragon Teriyaki Sauce",
                              "brand": "Blue Dragon",
                              "brandId": 100,
                              "name": "Teriyaki Sauce",
                              "nameExtra": "250 ml",
                              "frontUrl": "https://oda.com/no/products/33832-blue-dragon-teriyaki-sauce/",
                              "absoluteUrl": "/no/products/33832-blue-dragon-teriyaki-sauce/",
                              "grossPrice": "74.70",
                              "grossUnitPrice": "298.80",
                              "unitPriceQuantityAbbreviation": "l",
                              "unitPriceQuantityName": "liter",
                              "clientClassifiers": [
                                {
                                  "name": "Vegansk",
                                  "imageUrl": "https://oda.com/static/products/img/classifier_icons/vegan.c0a8bf457926.png",
                                  "isImportant": false,
                                  "description": "Produktet er vegansk"
                                }
                              ],
                              "currency": "NOK",
                              "discount": null,
                              "promotion": null,
                              "promotions": [],
                              "availability": {
                                "isAvailable": true,
                                "description": "",
                                "descriptionShort": "",
                                "code": "available"
                              },
                              "metadata": {},
                              "isExemptFromThirdPartyMarketing": false,
                              "images": [
                                {
                                  "large": {
                                    "url": "https://bilder.kolonial.no/local_products/c6d6cf26-249e-4219-8b8b-f9e688008ddd.jpeg?auto=format\u0026fit=max\u0026w=114\u0026s=6cb9b101c3bd3cd1a805bd829e1cb75c",
                                    "width": 114,
                                    "height": 376
                                  },
                                  "thumbnail": {
                                    "url": "https://bilder.kolonial.no/local_products/c6d6cf26-249e-4219-8b8b-f9e688008ddd.jpeg?auto=format\u0026fit=max\u0026w=91\u0026s=fba64c4c6af7d628a6a8ae8f0f375fa1",
                                    "width": 114,
                                    "height": 376
                                  },
                                  "thumbnailTransparentBg": {
                                    "url": "https://bilder.kolonial.no/local_products/c6d6cf26-249e-4219-8b8b-f9e688008ddd.jpeg?auto=format\u0026bg-remove=true\u0026fit=max\u0026w=91\u0026s=b9b95d9f7dd6436e5345b0238305fe1b",
                                    "width": 114,
                                    "height": 376
                                  },
                                  "variant": "main"
                                }
                              ]
                            },
                            {
                              "id": 5809,
                              "fullName": "Heinz Worcestershire Sauce",
                              "brand": "Heinz",
                              "brandId": 37,
                              "name": "Worcestershire Sauce",
                              "nameExtra": "150 ml",
                              "frontUrl": "https://oda.com/no/products/5809-heinz-worcestershire-sauce/",
                              "absoluteUrl": "/no/products/5809-heinz-worcestershire-sauce/",
                              "grossPrice": "38.30",
                              "grossUnitPrice": "255.33",
                              "unitPriceQuantityAbbreviation": "l",
                              "unitPriceQuantityName": "liter",
                              "clientClassifiers": [],
                              "currency": "NOK",
                              "discount": null,
                              "promotion": null,
                              "promotions": [],
                              "availability": {
                                "isAvailable": true,
                                "description": "",
                                "descriptionShort": "",
                                "code": "available"
                              },
                              "metadata": {},
                              "isExemptFromThirdPartyMarketing": false,
                              "images": [
                                {
                                  "large": {
                                    "url": "https://bilder.kolonial.no/local_products/2a5466fd-3172-430f-be5a-63b5f1a3e290.jpeg?auto=format\u0026fit=max\u0026w=106\u0026s=9deef4e598d6236ee52a42cd588d573b",
                                    "width": 106,
                                    "height": 376
                                  },
                                  "thumbnail": {
                                    "url": "https://bilder.kolonial.no/local_products/2a5466fd-3172-430f-be5a-63b5f1a3e290.jpeg?auto=format\u0026fit=max\u0026w=85\u0026s=00124809dbae4c944a4e02a5c332bb50",
                                    "width": 106,
                                    "height": 376
                                  },
                                  "thumbnailTransparentBg": {
                                    "url": "https://bilder.kolonial.no/local_products/2a5466fd-3172-430f-be5a-63b5f1a3e290.jpeg?auto=format\u0026bg-remove=true\u0026fit=max\u0026w=85\u0026s=7699743f178cb4d89ec9853fd9327fed",
                                    "width": 106,
                                    "height": 376
                                  },
                                  "variant": "main"
                                }
                              ]
                            },
                            {
                              "id": 18919,
                              "fullName": "Blue Dragon Sesamolje",
                              "brand": "Blue Dragon",
                              "brandId": 100,
                              "name": "Sesamolje",
                              "nameExtra": "150 ml",
                              "frontUrl": "https://oda.com/no/products/18919-blue-dragon-sesamolje/",
                              "absoluteUrl": "/no/products/18919-blue-dragon-sesamolje/",
                              "grossPrice": "83.30",
                              "grossUnitPrice": "555.33",
                              "unitPriceQuantityAbbreviation": "l",
                              "unitPriceQuantityName": "liter",
                              "clientClassifiers": [
                                {
                                  "name": "Vegansk",
                                  "imageUrl": "https://oda.com/static/products/img/classifier_icons/vegan.c0a8bf457926.png",
                                  "isImportant": false,
                                  "description": "Produktet er vegansk"
                                }
                              ],
                              "currency": "NOK",
                              "discount": null,
                              "promotion": null,
                              "promotions": [],
                              "availability": {
                                "isAvailable": true,
                                "description": "",
                                "descriptionShort": "",
                                "code": "available"
                              },
                              "metadata": {},
                              "isExemptFromThirdPartyMarketing": false,
                              "images": [
                                {
                                  "large": {
                                    "url": "https://bilder.kolonial.no/local_products/6ad01423-4da8-4abf-8a60-3183fde909a2.jpeg?auto=format\u0026fit=max\u0026w=117\u0026s=51698faa6803f6d5bd35281815e65936",
                                    "width": 117,
                                    "height": 376
                                  },
                                  "thumbnail": {
                                    "url": "https://bilder.kolonial.no/local_products/6ad01423-4da8-4abf-8a60-3183fde909a2.jpeg?auto=format\u0026fit=max\u0026w=93\u0026s=27b8cf8bc7dba88c8b72bfcbecc1fe2b",
                                    "width": 117,
                                    "height": 376
                                  },
                                  "thumbnailTransparentBg": {
                                    "url": "https://bilder.kolonial.no/local_products/6ad01423-4da8-4abf-8a60-3183fde909a2.jpeg?auto=format\u0026bg-remove=true\u0026fit=max\u0026w=93\u0026s=2365eb201137ce7156a3f61f6fdabb09",
                                    "width": 117,
                                    "height": 376
                                  },
                                  "variant": "main"
                                }
                              ]
                            },
                            {
                              "id": 63121,
                              "fullName": "Fredriks Røkeri Fersk Premium Laksefilet",
                              "brand": "Fredriks Røkeri",
                              "brandId": 3703,
                              "name": "Fersk Premium Laksefilet",
                              "nameExtra": "ca. 400 g",
                              "frontUrl": "https://oda.com/no/products/63121-fredriks-rokeri-fersk-premium-laksefilet/",
                              "absoluteUrl": "/no/products/63121-fredriks-rokeri-fersk-premium-laksefilet/",
                              "grossPrice": "179.00",
                              "grossUnitPrice": "447.50",
                              "unitPriceQuantityAbbreviation": "kg",
                              "unitPriceQuantityName": "kilogram",
                              "clientClassifiers": [
                                {
                                  "name": "Holdbarhetsgaranti i 4 dager",
                                  "imageUrl": "https://oda.com/static/products/img/classifier_icons/expiry-4.4f3528f72d28.png",
                                  "isImportant": true,
                                  "description": "Holdbarhetsgaranti i 4 dager"
                                }
                              ],
                              "currency": "NOK",
                              "discount": null,
                              "promotion": null,
                              "promotions": [],
                              "availability": {
                                "isAvailable": true,
                                "description": "",
                                "descriptionShort": "",
                                "code": "available"
                              },
                              "metadata": {},
                              "isExemptFromThirdPartyMarketing": false,
                              "images": [
                                {
                                  "large": {
                                    "url": "https://bilder.kolonial.no/local_products/329431c5-27e1-4b64-a013-f684638ca32d.jpg?auto=format\u0026fit=max\u0026w=818\u0026s=7abf12a53e7cf44cc9300ddd2edb1a0d",
                                    "width": 1205,
                                    "height": 1473
                                  },
                                  "thumbnail": {
                                    "url": "https://bilder.kolonial.no/local_products/329431c5-27e1-4b64-a013-f684638ca32d.jpg?auto=format\u0026fit=max\u0026w=245\u0026s=6944ea7bcc99dcdba44a5fcc5e59d5c0",
                                    "width": 1205,
                                    "height": 1473
                                  },
                                  "thumbnailTransparentBg": {
                                    "url": "https://bilder.kolonial.no/local_products/329431c5-27e1-4b64-a013-f684638ca32d.jpg?auto=format\u0026bg-remove=true\u0026fit=max\u0026w=245\u0026s=cb404453bb7b704cf656f0153779d61e",
                                    "width": 1205,
                                    "height": 1473
                                  },
                                  "variant": "main"
                                }
                              ]
                            },
                            {
                              "id": 30660,
                              "fullName": "Domstein Laksebiff Uten Skinn Garantert Beinfri",
                              "brand": "Domstein",
                              "brandId": 1340,
                              "name": "Laksebiff Uten Skinn",
                              "nameExtra": "Garantert Beinfri, 4 stk",
                              "frontUrl": "https://oda.com/no/products/30660-domstein-laksebiff-uten-skinn-garantert-beinfri/",
                              "absoluteUrl": "/no/products/30660-domstein-laksebiff-uten-skinn-garantert-beinfri/",
                              "grossPrice": "179.00",
                              "grossUnitPrice": "358.00",
                              "unitPriceQuantityAbbreviation": "kg",
                              "unitPriceQuantityName": "kilogram",
                              "clientClassifiers": [
                                {
                                  "name": "Holdbarhetsgaranti i 3 dager",
                                  "imageUrl": "https://oda.com/static/products/img/classifier_icons/expiry-3.b2649eefb5d1.png",
                                  "isImportant": true,
                                  "description": "Holdbarhetsgaranti i 3 dager"
                                }
                              ],
                              "currency": "NOK",
                              "discount": null,
                              "promotion": null,
                              "promotions": [],
                              "availability": {
                                "isAvailable": true,
                                "description": "",
                                "descriptionShort": "",
                                "code": "available"
                              },
                              "metadata": {},
                              "isExemptFromThirdPartyMarketing": false,
                              "images": [
                                {
                                  "large": {
                                    "url": "https://bilder.kolonial.no/produkter/e9cae792-bfcb-4dbd-bf0a-a26bb6a59a3d.jpg?auto=format\u0026fit=max\u0026w=1000\u0026s=2fca36725fef762f362417f80668badc",
                                    "width": 6342,
                                    "height": 5681
                                  },
                                  "thumbnail": {
                                    "url": "https://bilder.kolonial.no/produkter/e9cae792-bfcb-4dbd-bf0a-a26bb6a59a3d.jpg?auto=format\u0026fit=max\u0026w=300\u0026s=88dd9c2c89d41a7b9859a0fad2cf109e",
                                    "width": 6342,
                                    "height": 5681
                                  },
                                  "thumbnailTransparentBg": {
                                    "url": "https://bilder.kolonial.no/produkter/e9cae792-bfcb-4dbd-bf0a-a26bb6a59a3d.jpg?auto=format\u0026bg-remove=true\u0026fit=max\u0026w=300\u0026s=90330454ce63fadddb4380aee77da782",
                                    "width": 6342,
                                    "height": 5681
                                  },
                                  "variant": "main"
                                }
                              ]
                            },
                            {
                              "id": 3301,
                              "fullName": "Godehav Scampi Kokt Med Hale Str 31/40",
                              "brand": "Godehav",
                              "brandId": 626,
                              "name": "Scampi Kokt Med Hale",
                              "nameExtra": "Str 31/40, 400 g",
                              "frontUrl": "https://oda.com/no/products/3301-godehav-scampi-kokt-med-hale-str-31-40/",
                              "absoluteUrl": "/no/products/3301-godehav-scampi-kokt-med-hale-str-31-40/",
                              "grossPrice": "119.20",
                              "grossUnitPrice": "298.00",
                              "unitPriceQuantityAbbreviation": "kg",
                              "unitPriceQuantityName": "kilogram",
                              "clientClassifiers": [
                                {
                                  "name": "Frysevare",
                                  "imageUrl": "https://oda.com/static/products/img/classifier_icons/frozen.c0e10914d59a.png",
                                  "isImportant": true,
                                  "description": "Produktet er en frysevare"
                                }
                              ],
                              "currency": "NOK",
                              "discount": null,
                              "promotion": null,
                              "promotions": [],
                              "availability": {
                                "isAvailable": true,
                                "description": "",
                                "descriptionShort": "",
                                "code": "available"
                              },
                              "metadata": {},
                              "isExemptFromThirdPartyMarketing": false,
                              "images": [
                                {
                                  "large": {
                                    "url": "https://bilder.kolonial.no/produkter/87730a82-0017-4d31-a966-109aa6a99341.jpeg?auto=format\u0026fit=max\u0026w=1000\u0026s=6674e227167e0884b87f5e64f9dc5a79",
                                    "width": 3000,
                                    "height": 2663
                                  },
                                  "thumbnail": {
                                    "url": "https://bilder.kolonial.no/produkter/87730a82-0017-4d31-a966-109aa6a99341.jpeg?auto=format\u0026fit=max\u0026w=300\u0026s=86ec02f90b6bdd91a14bab0a515874a2",
                                    "width": 3000,
                                    "height": 2663
                                  },
                                  "thumbnailTransparentBg": {
                                    "url": "https://bilder.kolonial.no/produkter/87730a82-0017-4d31-a966-109aa6a99341.jpeg?auto=format\u0026bg-remove=true\u0026fit=max\u0026w=300\u0026s=8386b0d53ba720f46af6e36846e13ad7",
                                    "width": 3000,
                                    "height": 2663
                                  },
                                  "variant": "main"
                                }
                              ]
                            },
                            {
                              "id": 24806,
                              "fullName": "Martin Pouret Hvitvinseddik",
                              "brand": "Martin Pouret",
                              "brandId": 1276,
                              "name": "Hvitvinseddik",
                              "nameExtra": "250 ml",
                              "frontUrl": "https://oda.com/no/products/24806-martin-pouret-hvitvinseddik/",
                              "absoluteUrl": "/no/products/24806-martin-pouret-hvitvinseddik/",
                              "grossPrice": "69.80",
                              "grossUnitPrice": "279.20",
                              "unitPriceQuantityAbbreviation": "l",
                              "unitPriceQuantityName": "liter",
                              "clientClassifiers": [],
                              "currency": "NOK",
                              "discount": null,
                              "promotion": null,
                              "promotions": [],
                              "availability": {
                                "isAvailable": true,
                                "description": "",
                                "descriptionShort": "",
                                "code": "available"
                              },
                              "metadata": {},
                              "isExemptFromThirdPartyMarketing": false,
                              "images": [
                                {
                                  "large": {
                                    "url": "https://bilder.kolonial.no/produkter/2ad50df5-b1a6-4404-8d30-fd43f9d86779.jpg?auto=format\u0026fit=max\u0026w=1000\u0026s=ad8c9622993336d38d67a390dc4af28f",
                                    "width": 1500,
                                    "height": 1500
                                  },
                                  "thumbnail": {
                                    "url": "https://bilder.kolonial.no/produkter/2ad50df5-b1a6-4404-8d30-fd43f9d86779.jpg?auto=format\u0026fit=max\u0026w=300\u0026s=72c388d29b0f2e021360140f43c84aa6",
                                    "width": 1500,
                                    "height": 1500
                                  },
                                  "thumbnailTransparentBg": {
                                    "url": "https://bilder.kolonial.no/produkter/2ad50df5-b1a6-4404-8d30-fd43f9d86779.jpg?auto=format\u0026bg-remove=true\u0026fit=max\u0026w=300\u0026s=0647a617ba03fed2ac02a1437073f3c0",
                                    "width": 1500,
                                    "height": 1500
                                  },
                                  "variant": "main"
                                }
                              ]
                            },
                            {
                              "id": 63884,
                              "fullName": "Helios Chilipasta Sambal Oelek",
                              "brand": "Helios",
                              "brandId": 265,
                              "name": "Chilipasta Sambal Oelek",
                              "nameExtra": "100 g",
                              "frontUrl": "https://oda.com/no/products/63884-helios-chilipasta-sambal-oelek/",
                              "absoluteUrl": "/no/products/63884-helios-chilipasta-sambal-oelek/",
                              "grossPrice": "49.90",
                              "grossUnitPrice": "499.00",
                              "unitPriceQuantityAbbreviation": "kg",
                              "unitPriceQuantityName": "kilogram",
                              "clientClassifiers": [
                                {
                                  "name": "Økologisk",
                                  "imageUrl": "https://oda.com/static/products/img/classifier_icons/organic.8cd2f16bb368.png",
                                  "isImportant": false,
                                  "description": "Produktet er økologisk"
                                },
                                {
                                  "name": "EU-økologisk",
                                  "imageUrl": "https://bilder.kolonial.no/certifications/e3182d73-d570-432d-99fe-3fc77109a299.png?auto=format\u0026fit=max\u0026w=60\u0026s=5d5228263e3b26021096380b237ff252",
                                  "isImportant": false,
                                  "description": "Produktet er økologisk og merket Euroleaf"
                                },
                                {
                                  "name": "Debio Ø-merket",
                                  "imageUrl": "https://bilder.kolonial.no/certifications/7d512a62-5004-4ee3-8342-da9eeceb7460.png?auto=format\u0026fit=max\u0026w=60\u0026s=60163fadf10b3a94bfd6ede80cc3aff3",
                                  "isImportant": false,
                                  "description": "Debio er en ikke-statlig medlemsorganisasjon som kontrollerer og godkjenner økologisk produksjon i Norge, og at produkter som markedsføres med henvisning til den økologiske produksjonsmetoden, tilfredsstiller kravene i regelverket."
                                }
                              ],
                              "currency": "NOK",
                              "discount": null,
                              "promotion": null,
                              "promotions": [],
                              "availability": {
                                "isAvailable": true,
                                "description": "",
                                "descriptionShort": "",
                                "code": "available"
                              },
                              "metadata": {},
                              "isExemptFromThirdPartyMarketing": false,
                              "images": [
                                {
                                  "large": {
                                    "url": "https://bilder.kolonial.no/local_products/10d506e4-107b-4e14-b6d8-a29a9759aa2a.jpg?auto=format\u0026fit=max\u0026w=449\u0026s=26d82242dbb703d9bdc311a89dacff2a",
                                    "width": 449,
                                    "height": 752
                                  },
                                  "thumbnail": {
                                    "url": "https://bilder.kolonial.no/local_products/10d506e4-107b-4e14-b6d8-a29a9759aa2a.jpg?auto=format\u0026fit=max\u0026w=179\u0026s=8f63872cae340657a6472e45c1cd769e",
                                    "width": 449,
                                    "height": 752
                                  },
                                  "thumbnailTransparentBg": {
                                    "url": "https://bilder.kolonial.no/local_products/10d506e4-107b-4e14-b6d8-a29a9759aa2a.jpg?auto=format\u0026bg-remove=true\u0026fit=max\u0026w=179\u0026s=8e34845d1a10884f376fd5415032f863",
                                    "width": 449,
                                    "height": 752
                                  },
                                  "variant": "main"
                                }
                              ]
                            },
                            {
                              "id": 30604,
                              "fullName": "Blue Dragon Riseddik",
                              "brand": "Blue Dragon",
                              "brandId": 100,
                              "name": "Riseddik",
                              "nameExtra": "150 ml",
                              "frontUrl": "https://oda.com/no/products/30604-blue-dragon-riseddik/",
                              "absoluteUrl": "/no/products/30604-blue-dragon-riseddik/",
                              "grossPrice": "60.20",
                              "grossUnitPrice": "401.33",
                              "unitPriceQuantityAbbreviation": "l",
                              "unitPriceQuantityName": "liter",
                              "clientClassifiers": [
                                {
                                  "name": "Vegansk",
                                  "imageUrl": "https://oda.com/static/products/img/classifier_icons/vegan.c0a8bf457926.png",
                                  "isImportant": false,
                                  "description": "Produktet er vegansk"
                                }
                              ],
                              "currency": "NOK",
                              "discount": null,
                              "promotion": null,
                              "promotions": [],
                              "availability": {
                                "isAvailable": true,
                                "description": "",
                                "descriptionShort": "",
                                "code": "available"
                              },
                              "metadata": {},
                              "isExemptFromThirdPartyMarketing": false,
                              "images": [
                                {
                                  "large": {
                                    "url": "https://bilder.kolonial.no/local_products/43039dc0-8b80-4b8e-9d9d-4d10d2d99cdd.jpeg?auto=format\u0026fit=max\u0026w=114\u0026s=e5642e9f13fc67f0980af1c8746d935b",
                                    "width": 114,
                                    "height": 376
                                  },
                                  "thumbnail": {
                                    "url": "https://bilder.kolonial.no/local_products/43039dc0-8b80-4b8e-9d9d-4d10d2d99cdd.jpeg?auto=format\u0026fit=max\u0026w=91\u0026s=9abc983bc02068ec7a0abe645da27143",
                                    "width": 114,
                                    "height": 376
                                  },
                                  "thumbnailTransparentBg": {
                                    "url": "https://bilder.kolonial.no/local_products/43039dc0-8b80-4b8e-9d9d-4d10d2d99cdd.jpeg?auto=format\u0026bg-remove=true\u0026fit=max\u0026w=91\u0026s=6f725f64e67d6810afedc1a227502a82",
                                    "width": 114,
                                    "height": 376
                                  },
                                  "variant": "main"
                                }
                              ]
                            }
                          ]
                        }
                      ],
                      "pageParams": [1]
                    },
                    "dataUpdateCount": 1,
                    "dataUpdatedAt": 1712945702630,
                    "error": null,
                    "errorUpdateCount": 0,
                    "errorUpdatedAt": 0,
                    "fetchFailureCount": 0,
                    "fetchFailureReason": null,
                    "fetchMeta": null,
                    "isInvalidated": false,
                    "status": "success",
                    "fetchStatus": "idle"
                  },
                  "queryKey": ["related-products-29321-1-18"],
                  "queryHash": "[\"related-products-29321-1-18\"]"
                }
              ]
            }
          },
          "footer": {
            "allAppStoreBadge": [],
            "allPaymentMethodBadge": [
              {
                "_id": "957f85a4-06ad-4476-98f9-ce3b7f8051b7",
                "_type": "payment_method_badge",
                "title": "Vipps",
                "image": {
                  "asset": {
                    "url": "https://cdn.sanity.io/images/1teetjp9/production/a3bdd8ae88ea2a54a937acdbb74fdf7cf7e6ef72-400x300.png"
                  }
                },
                "imageAlt": "Vipps icon",
                "href": null,
                "text": null
              },
              {
                "_id": "fa9a6bbd-b99a-49b1-81b3-7963ca035143",
                "_type": "payment_method_badge",
                "title": "Apple Pay",
                "image": {
                  "asset": {
                    "url": "https://cdn.sanity.io/images/1teetjp9/production/1aaaef68d078ec6cc78629a8464788426af5867c-400x300.png"
                  }
                },
                "imageAlt": "Apple pay icon",
                "href": null,
                "text": null
              },
              {
                "_id": "561d2507-a22f-40ef-bab7-ca2baa2b9aec",
                "_type": "payment_method_badge",
                "title": "Mastercard",
                "image": {
                  "asset": {
                    "url": "https://cdn.sanity.io/images/1teetjp9/production/f6254a753339d354bcad51d9b1544e5e22ddc850-400x300.png"
                  }
                },
                "imageAlt": "Mastercard icon",
                "href": null,
                "text": null
              },
              {
                "_id": "02ca3005-08bf-4fd2-87c9-e52a1a5f32b5",
                "_type": "payment_method_badge",
                "title": "Visa",
                "image": {
                  "asset": {
                    "url": "https://cdn.sanity.io/images/1teetjp9/production/4295eeb9c665f6eed7e50b58aacbbce294bd3b93-400x300.png"
                  }
                },
                "imageAlt": "Visa icon",
                "href": null,
                "text": null
              }
            ],
            "allCertificationBadge": [],
            "allSocialMediaBadge": [],
            "allPage": [
              {
                "_type": "page",
                "_id": "17a08995-e012-4f2f-ba56-892ac9cfb180",
                "slug": { "current": "betingelser" },
                "title": "Salgs- og bruksvilkår"
              },
              {
                "_type": "page",
                "_id": "30b2d32f-b237-43f2-92ab-0f1318e24b5c",
                "slug": { "current": "personvern" },
                "title": "Personvern"
              }
            ],
            "allFooter": [
              {
                "_type": "footer",
                "_id": "footer-site_norway-nb",
                "toggleAppStoreBadges": false,
                "linkGroups": [
                  {
                    "_key": "b03f05f89b74",
                    "heading": null,
                    "links": [
                      {
                        "__typename": "Link",
                        "_key": "f89d4199a582",
                        "link": [
                          {
                            "__typename": "PageLink",
                            "_key": "d5bd9003d0e6",
                            "page": {
                              "_type": "editorial_page",
                              "title": "Lave priser, levert på døra",
                              "slug": { "current": "lave-priser" },
                              "content_type": "editorial",
                              "mainImage": {
                                "asset": {
                                  "url": "https://cdn.sanity.io/images/1teetjp9/production/8c1ab41b264ab3d775bcaf7fd3ef72f17d913761-5810x3747.jpg",
                                  "metadata": {
                                    "dimensions": {
                                      "width": 5810,
                                      "height": 3747
                                    }
                                  }
                                },
                                "hotspot": null,
                                "crop": null
                              },
                              "mainImageCaption": "Oda-eske stående på bord"
                            }
                          }
                        ],
                        "linkDisplayText": "Lave priser"
                      },
                      {
                        "__typename": "Link",
                        "_key": "7821adeae0ba",
                        "link": [
                          {
                            "__typename": "PageLink",
                            "_key": "64d25bd94e2f",
                            "page": {
                              "_type": "editorial_page",
                              "title": "Sånn bestiller du",
                              "slug": { "current": "bestilling" },
                              "content_type": "editorial",
                              "mainImage": {
                                "asset": {
                                  "url": "https://cdn.sanity.io/images/1teetjp9/production/75e8c2cab42b9e9a36fe38d14b5d893d9c2baf92-8000x5333.jpg",
                                  "metadata": {
                                    "dimensions": {
                                      "width": 8000,
                                      "height": 5333
                                    }
                                  }
                                },
                                "hotspot": null,
                                "crop": null
                              },
                              "mainImageCaption": "Mann som henter Oda-leveringen sin. "
                            }
                          }
                        ],
                        "linkDisplayText": "Sånn bestiller du"
                      },
                      {
                        "__typename": "Link",
                        "_key": "c4c4297dfd29",
                        "link": [
                          {
                            "__typename": "PageLink",
                            "_key": "9ce22a147360",
                            "page": {
                              "_type": "editorial_page",
                              "title": "Kvalitet og holdbarhetsgaranti",
                              "slug": { "current": "kvalitet" },
                              "content_type": "editorial",
                              "mainImage": {
                                "asset": {
                                  "url": "https://cdn.sanity.io/images/1teetjp9/production/df417847be9263c06ab6ffa65b12cc08cd0fb41b-5401x3601.jpg",
                                  "metadata": {
                                    "dimensions": {
                                      "width": 5401,
                                      "height": 3601
                                    }
                                  }
                                },
                                "hotspot": null,
                                "crop": null
                              },
                              "mainImageCaption": "Forskjellige frukt og grønnsaker ved siden av hverandre."
                            }
                          }
                        ],
                        "linkDisplayText": "Kvalitet og holdbarhet"
                      },
                      {
                        "__typename": "Link",
                        "_key": "d78f1bc0beed",
                        "link": [
                          {
                            "__typename": "PageLink",
                            "_key": "95f7a5c3bb84",
                            "page": {
                              "_type": "editorial_page",
                              "title": "Hjemlevering fra kr 0",
                              "slug": { "current": "hjemlevering" },
                              "content_type": "editorial",
                              "mainImage": {
                                "asset": {
                                  "url": "https://cdn.sanity.io/images/1teetjp9/production/6ef588fecaa2e07fc15fb48d18e8e1ad5241a709-5183x3455.jpg",
                                  "metadata": {
                                    "dimensions": {
                                      "width": 5183,
                                      "height": 3455
                                    }
                                  }
                                },
                                "hotspot": null,
                                "crop": null
                              },
                              "mainImageCaption": "Oda-bil leverer varer."
                            }
                          }
                        ],
                        "linkDisplayText": "Hjemlevering"
                      },
                      {
                        "__typename": "Link",
                        "_key": "415e7f62240a",
                        "link": [
                          {
                            "__typename": "PageLink",
                            "_key": "2591dd93c8c7",
                            "page": {
                              "_type": "editorial_page",
                              "title": "Oda Bedrift",
                              "slug": { "current": "organization" },
                              "content_type": "editorial",
                              "mainImage": {
                                "asset": {
                                  "url": "https://cdn.sanity.io/images/1teetjp9/production/4cf21493b7145f68d5bebe3aa077f43914fd0065-5472x3648.jpg",
                                  "metadata": {
                                    "dimensions": {
                                      "width": 5472,
                                      "height": 3648
                                    }
                                  }
                                },
                                "hotspot": null,
                                "crop": null
                              },
                              "mainImageCaption": "Oda office delivery"
                            }
                          }
                        ],
                        "linkDisplayText": "Bedriftslevering"
                      },
                      {
                        "__typename": "Link",
                        "_key": "f69a0ff33137",
                        "link": [
                          {
                            "__typename": "PageLink",
                            "_key": "d40f8a02174b",
                            "page": {
                              "_type": "editorial_page",
                              "title": "Vi tar med panten din",
                              "slug": { "current": "pant-retur" },
                              "content_type": "editorial",
                              "mainImage": {
                                "asset": {
                                  "url": "https://cdn.sanity.io/images/1teetjp9/production/c154de29c58ec764d496f06dde3e7f7822b11d27-8256x5504.jpg",
                                  "metadata": {
                                    "dimensions": {
                                      "width": 8256,
                                      "height": 5504
                                    }
                                  }
                                },
                                "hotspot": null,
                                "crop": null
                              },
                              "mainImageCaption": "Oda tar med panten din. På dette bildet legger en liten jente fra seg en pantepose utenfor døra."
                            }
                          }
                        ],
                        "linkDisplayText": "Retur av pant"
                      },
                      {
                        "__typename": "Link",
                        "_key": "73607b307fdf",
                        "link": [
                          {
                            "__typename": "RelativeLink",
                            "_key": "30032156e8ef",
                            "relativePath": "/legal/betingelser/#retur-av-elektronisk-avfall"
                          }
                        ],
                        "linkDisplayText": "Retur av elektronisk avfall"
                      },
                      {
                        "__typename": "Link",
                        "_key": "b667a80f5a4e",
                        "link": [
                          {
                            "__typename": "UrlLink",
                            "_key": "ae28d90cadc7",
                            "href": "https://sustainability.oda.com/"
                          }
                        ],
                        "linkDisplayText": "Bærekraft"
                      },
                      {
                        "__typename": "Link",
                        "_key": "562d331e0cd2",
                        "link": [
                          {
                            "__typename": "UrlLink",
                            "_key": "68c382130f9d",
                            "href": "https://oda.com/no/about/middagstips/"
                          }
                        ],
                        "linkDisplayText": "Middagstips"
                      },
                      {
                        "__typename": "Link",
                        "_key": "d5e5a532cb06",
                        "link": [
                          {
                            "__typename": "PageLink",
                            "_key": "aa1dfd8587d0",
                            "page": {
                              "_type": "editorial_page",
                              "title": "God påske med Oda - påskeegg, påskemat og pynt raskt levert",
                              "slug": { "current": "paske" },
                              "content_type": "seasonal",
                              "mainImage": {
                                "asset": {
                                  "url": "https://cdn.sanity.io/images/1teetjp9/production/21549638fc212669015ed9f20478c9e82a480f41-5874x2572.jpg",
                                  "metadata": {
                                    "dimensions": {
                                      "width": 5874,
                                      "height": 2572
                                    }
                                  }
                                },
                                "hotspot": null,
                                "crop": null
                              },
                              "mainImageCaption": "Bildet inneholder en pappeske fra Oda.com full av påskevarer."
                            }
                          }
                        ],
                        "linkDisplayText": "Påske"
                      }
                    ]
                  },
                  {
                    "_key": "ca518da6455c",
                    "heading": null,
                    "links": [
                      {
                        "__typename": "Link",
                        "_key": "a0ada9275973",
                        "link": [
                          {
                            "__typename": "PageLink",
                            "_key": "8cfd29dde943",
                            "page": {
                              "_type": "editorial_page",
                              "title": "Om oss",
                              "slug": { "current": "om-oss" },
                              "content_type": "editorial",
                              "mainImage": {
                                "asset": {
                                  "url": "https://cdn.sanity.io/images/1teetjp9/production/05d383d6ca819495c95ce6f4488afe204a6f92ff-3000x2000.jpg",
                                  "metadata": {
                                    "dimensions": {
                                      "width": 3000,
                                      "height": 2000
                                    }
                                  }
                                },
                                "hotspot": null,
                                "crop": null
                              },
                              "mainImageCaption": "Oda bil"
                            }
                          }
                        ],
                        "linkDisplayText": "Om oss"
                      },
                      {
                        "__typename": "Link",
                        "_key": "e8c069d3452d",
                        "link": [
                          {
                            "__typename": "PageLink",
                            "_key": "57249a9116fc",
                            "page": {
                              "_type": "editorial_page",
                              "title": "Hjelp og kundeservice",
                              "slug": { "current": "kundeservice" },
                              "content_type": "editorial",
                              "mainImage": {
                                "asset": {
                                  "url": "https://cdn.sanity.io/images/1teetjp9/production/f7f2ccd792128bb5967c48bcb5751fabb9adee1d-3000x2000.jpg",
                                  "metadata": {
                                    "dimensions": {
                                      "width": 3000,
                                      "height": 2000
                                    }
                                  }
                                },
                                "hotspot": null,
                                "crop": null
                              },
                              "mainImageCaption": "Oda sjåfør"
                            }
                          }
                        ],
                        "linkDisplayText": "Hjelp og kundeservice"
                      },
                      {
                        "__typename": "Link",
                        "_key": "a67477d554cf",
                        "link": [
                          {
                            "__typename": "PageLink",
                            "_key": "fc7ef81e4a5d",
                            "page": {
                              "_type": "editorial_page",
                              "title": "Last ned appen",
                              "slug": { "current": "last-ned-oda-app" },
                              "content_type": "editorial",
                              "mainImage": {
                                "asset": {
                                  "url": "https://cdn.sanity.io/images/1teetjp9/production/d2dcd6f7412d6cb6f49299bae0e401fa202448d3-6531x4354.jpg",
                                  "metadata": {
                                    "dimensions": {
                                      "width": 6531,
                                      "height": 4354
                                    }
                                  }
                                },
                                "hotspot": null,
                                "crop": null
                              },
                              "mainImageCaption": "Oda appen"
                            }
                          }
                        ],
                        "linkDisplayText": "Last ned appen"
                      },
                      {
                        "__typename": "Link",
                        "_key": "8600ae819492",
                        "link": [
                          {
                            "__typename": "UrlLink",
                            "_key": "b7c22b2efc74",
                            "href": "https://careers.oda.com/"
                          }
                        ],
                        "linkDisplayText": "Jobb og karriere"
                      },
                      {
                        "__typename": "Link",
                        "_key": "4414041a0c7e",
                        "link": [
                          {
                            "__typename": "RelativeLink",
                            "_key": "21a4585c80b6",
                            "relativePath": "/account/invite/"
                          }
                        ],
                        "linkDisplayText": "Inviter venner"
                      }
                    ]
                  }
                ]
              }
            ]
          },
          "siteSettings": {
            "siteName": "Oda",
            "siteDomain": "oda.com",
            "appleItunesApp": "app-id=1079537578"
          },
          "features": {
            "enable_signup": { "defaultValue": true },
            "viewable_impressions_tracking_enabled": { "defaultValue": true },
            "use_dixa_messenger": {
              "rules": [
                {
                  "condition": {
                    "paddedversion": "004.003.002",
                    "android": true,
                    "alphauser": true
                  },
                  "force": true
                }
              ],
              "defaultValue": false
            },
            "opt_out_changes": { "defaultValue": true },
            "b2b_signup_enabled": { "defaultValue": true },
            "is_pride": { "defaultValue": false },
            "block_homepage_enabled": {
              "rules": [
                {
                  "condition": {
                    "deviceId": {
                      "$nin": [
                        "8fe0620e-d76f-43b1-9e43-3ffc8a90674a",
                        "39a01d8a-ab3c-47db-8da5-5ce7cd53645a"
                      ]
                    }
                  },
                  "force": false
                },
                { "force": false }
              ],
              "defaultValue": false
            },
            "dixa_enabled": {
              "rules": [
                { "condition": { "ios": true }, "force": false },
                { "condition": { "web": true }, "force": true },
                { "condition": { "android": true }, "force": true },
                {
                  "condition": {
                    "hashedUserId": {
                      "$in": [
                        "d266b309567dcbf738eda3a6fc97a1bc7ca37fd580b9dfbd1a7bcfca7d6c9b36",
                        "3086756a6995df1c82516015e52f14c887c61a28d369a6571f4f86d6e6e8caf1",
                        "3d9f83e0518d4ee024be23236c0d21875f8c08fe5241d19b368e7dc06f8ec2ec",
                        "dab3026eb72265e53cb6f2324ec87d9334acb8903dd155a2d60d4e7f37deef0c"
                      ]
                    }
                  },
                  "force": true
                },
                { "condition": { "betauser": true }, "force": true },
                { "condition": { "ios": false }, "force": true }
              ],
              "defaultValue": false
            },
            "is_inhouse_cookie_widget": {
              "rules": [
                {
                  "key": "is_inhouse_cookie_widget",
                  "variations": [false, true],
                  "weights": [0.5, 0.5],
                  "coverage": 1,
                  "condition": { "web": true, "site": "NO" },
                  "hashAttribute": "device_id"
                }
              ],
              "defaultValue": false
            },
            "weekly_delivery_enabled": { "defaultValue": false },
            "for_you_web_experiment": {
              "rules": [
                {
                  "condition": {
                    "hashedUserId": {
                      "$in": [
                        "d266b309567dcbf738eda3a6fc97a1bc7ca37fd580b9dfbd1a7bcfca7d6c9b36",
                        "3086756a6995df1c82516015e52f14c887c61a28d369a6571f4f86d6e6e8caf1",
                        "9c6228ded637ed79aa9659d2e207181ed15a1e524d4b7fdfd443b0f58ce65d01",
                        "b2228c870a9a8bb49d5abdcff139d0ec8ede7226a9c8f1b0fa78ebb750951cfc"
                      ]
                    }
                  },
                  "force": "treatmentA"
                },
                {
                  "key": "for_you_link_web_experiment",
                  "variations": ["control", "treatmentA"],
                  "weights": [0.5, 0.5],
                  "coverage": 1,
                  "condition": { "web": true, "site": "NO" },
                  "hashAttribute": "user_id"
                }
              ],
              "defaultValue": "control"
            },
            "jny_initiativeathon": { "defaultValue": false },
            "change_delivery_slot": {
              "rules": [{ "condition": { "alphauser": true }, "force": true }],
              "defaultValue": true
            },
            "marketing_pulse_campaign_page": { "defaultValue": false },
            "ads_cart_recommendation_placements": {
              "rules": [
                {
                  "coverage": 1,
                  "condition": { "jurisdiction": "norway", "userGroupId": 1 },
                  "force": "variation_a",
                  "hashAttribute": "hashed_user_id"
                }
              ],
              "defaultValue": "control"
            },
            "inspiration_link_in_mega_menu": {
              "rules": [{ "condition": { "site": "SE" }, "force": true }],
              "defaultValue": false
            },
            "welcome-incentive-type": {
              "rules": [
                { "condition": { "site": "SE" }, "force": "discount_code" },
                { "condition": { "site": "NO" }, "force": "free_delivery" }
              ],
              "defaultValue": ""
            }
          },
          "domainUserId": "9c736340-7d5b-4a77-90d2-f966181a9cfd",
          "isWebview": false,
          "country": "no",
          "catalog": {
            "messages": {
              "account.bottle-deposits.empty.description": "Etter at vi mottar pant fra deg, kan du se status på opptelling og utbetaling her. ",
              "account.bottle-deposits.empty.title": "Du har ikke levert noe enda",
              "account.bottle-deposits.heading": "Pant",
              "account.bottle-deposits.listing.heading": "Panten din",
              "account.bottle-deposits.listing.show-more": "Vis mer",
              "account.bottle-deposits.page.metadata.description": "En oversikt og status på levert pant",
              "account.bottle-deposits.page.metadata.title": [
                "Pant – ",
                ["siteName"]
              ],
              "account.bottle-deposits.subheading": "En oversikt og status på levert pant",
              "account.bottle-deposits.tip.info": "Følg instruksjonene på posen nøye. Sørg for at alle flaskene har pantemerke, og ikke inkluder glassflasker. Vi kan bare love å ta én pose per bestilling.",
              "account.bottle-deposits.tip.info.de": "Følg instruksjonene på panteposen. Pass på at alt du leverer inn er pantemerket. Det er også viktig at du ikke legger glass i posen. Fyll posen med pant og gi den til sjåføren, eller sett den utenfor døren før vi kommer. Vi forbeholder oss retten til å kun ta i mot én pose per kunde av gangen.",
              "account.bottle-deposits.tip.info.fi": "Følg instruksjonene på panteposen. Pass på at alt du leverer inn er pantemerket. Det er også viktig at du ikke legger glass i posen. Fyll posen med pant og gi den til sjåføren, eller sett den utenfor døren før vi kommer. Vi forbeholder oss retten til å kun ta i mot én pose per kunde av gangen.",
              "account.bottle-deposits.tip.info.no": "Følg instruksjonene på panteposen. Pass på at alt du leverer inn er pantemerket. Det er også viktig at du ikke legger glass i posen. Fyll posen med pant og gi den til sjåføren, eller sett den utenfor døren før vi kommer. Vi forbeholder oss retten til å kun ta i mot én pose per kunde av gangen.",
              "account.bottle-deposits.tip.link": "Les mer",
              "account.bottle-deposits.tip.title": "Slik returnerer du pant",
              "account.contact-details.card.delivery-instructions.add-button.label": "Legg til leveringsinstruksjoner",
              "account.contact-details.card.edit-button.label": "Klikk for å redigere kontaktinformasjonen din",
              "account.contact-details.card.mobile-number-extra.info-text": "Legg til et ekstra mobilnummer her, så sender vi meldinger til begge numrene.",
              "account.contact-details.card.mobile-number-extra.label": "Ekstra mobilnummer",
              "account.contact-details.card.title": "Kontaktinformasjon",
              "account.contact-details.card.unverified-email.description": [
                "Klikk på koblingen i e-posten vi har sendt til \u003c0\u003e",
                ["email"],
                "\u003c/0\u003e, så er alt klart. Hvis dette ikke er riktig e-post, kan du oppdatere den på nytt."
              ],
              "account.contact-details.card.unverified-email.title": "Vi må sikre at vi har registrert riktig e-postadresse på deg",
              "account.contact-details.edit.discard-confirm.back": "Gå tilbake",
              "account.contact-details.edit.discard-confirm.discard": "Forkast",
              "account.contact-details.edit.discard-confirm.title": "Er du sikker på at du vil forkaste endringene du nettopp gjorde?",
              "account.contact-details.edit.email.label": "E-postadresse",
              "account.contact-details.edit.first-name.label": "Fornavn",
              "account.contact-details.edit.last-name.label": "Etternavn",
              "account.contact-details.edit.mobile-extra.description": "Vi sender de samme meldingene til begge numrene",
              "account.contact-details.edit.mobile-extra.label": "Ekstra mobilnummer",
              "account.contact-details.edit.mobile.label": "Mobilnummer",
              "account.contact-details.edit.page.metadata.description": [
                "Endre kontaktinformasjonen din på ",
                ["siteName"],
                "."
              ],
              "account.contact-details.edit.page.metadata.title": [
                "Endre kontaktinformasjon – ",
                ["siteName"]
              ],
              "account.contact-details.edit.password-confirm.back": "Gå tilbake",
              "account.contact-details.edit.password-confirm.confirm": "Bekreft",
              "account.contact-details.edit.password-confirm.description": "Vi må bekrefte identiteten din før du kan endre e-postadressen din.",
              "account.contact-details.edit.password-confirm.error": "Oida! Feil passord.",
              "account.contact-details.edit.password-confirm.heading": "Er dette deg?",
              "account.contact-details.edit.password-confirm.input.label": "Skriv inn passordet",
              "account.contact-details.edit.title": "Rediger kontaktinformasjon",
              "account.contact-details.page.heading": "Om deg",
              "account.contact-details.page.metadata.description": [
                "Endre kontaktinformasjonen din på ",
                ["siteName"]
              ],
              "account.contact-details.page.metadata.title": [
                "Om deg – ",
                ["siteName"]
              ],
              "account.contact-details.page.sub-heading": "Vis og rediger kontaktinformasjonen din",
              "account.delivery.add-page.delivery-address-section.title": "Din alternative adresse",
              "account.delivery.add-page.metadata.description": [
                "Legg til en ny leveringsadresse på ",
                ["siteName"],
                "."
              ],
              "account.delivery.add-page.metadata.title": [
                "Legg til ny leveringsadresse – ",
                ["siteName"]
              ],
              "account.delivery.add-page.title": "Legg til en ny adresse",
              "account.delivery.edit-page.additional-address.title": "Rediger tilleggsadressen din",
              "account.delivery.edit-page.default-address.section.title": "Standard leveringsadresse",
              "account.delivery.edit-page.default-address.title": "Endre standard leveringsadresse",
              "account.delivery.edit-page.delete-modal.action.back": "Gå tilbake",
              "account.delivery.edit-page.delete-modal.action.delete": "Slett",
              "account.delivery.edit-page.delete-modal.description": [
                "Er du sikker på at du vil slette denne adressen: ",
                ["addressDisplay"],
                "?"
              ],
              "account.delivery.edit-page.form.action.delete": "Slett",
              "account.delivery.edit-page.form.error.network.description": "Det ser ut til at vi har nettverksproblemer. Prøv på nytt eller kontakt \u003c0\u003ekundeservice\u003c/0\u003e hvis problemet vedvarer.",
              "account.delivery.edit-page.form.error.network.title": "Vi kunne ikke slette adressen din akkurat nå",
              "account.delivery.edit-page.metadata.description": [
                "Rediger leveringsadressen din på ",
                ["siteName"],
                "."
              ],
              "account.delivery.edit-page.metadata.title": [
                "Rediger leveringsadresse – ",
                ["siteName"]
              ],
              "account.delivery.page.add-address-card.button": "Ny adresse",
              "account.delivery.page.additional-delivery-address-card.title": "Alternativ adresse",
              "account.delivery.page.address-card.edit-button.aria-label": "Klikk for å endre denne adressen",
              "account.delivery.page.default-delivery-address-card.delivery-instructions": "Leveringsinstruksjoner",
              "account.delivery.page.default-delivery-address-card.title": "Standardadresse",
              "account.delivery.page.delivery-address-card.delivery-instructions.tip": "Hjelp sjåføren vår med å finne døren din ved å dele informasjon vi bør vite om adressen din.",
              "account.delivery.page.delivery-address-card.no-delivery-instructions.label": "No delivery instructions added",
              "account.delivery.page.doorstep-delivery-banner.cta.label": "Kom i gang",
              "account.delivery.page.doorstep-delivery-banner.description": "Visste du at vi kan sette fra oss varene uten å ringe på?",
              "account.delivery.page.doorstep-delivery-banner.heading": "Skru på levering utenfor døren",
              "account.delivery.page.doorstep-delivery-toggle.label": "Levering utenfor døren",
              "account.delivery.page.heading": "Adresser",
              "account.delivery.page.metadata.description": "Vis og rediger leveringsadressene dine",
              "account.delivery.page.metadata.title": [
                "Adresser – ",
                ["siteName"]
              ],
              "account.delivery.page.no-address-card.button": "Sjekk om vi leverer til ditt område",
              "account.delivery.page.no-address-card.description": "Kom i gang ved å legge til en standard leveringsadresse. Du kan endre den eller legge til alternative adresser senere.",
              "account.delivery.page.no-address-card.title": "Hvor skal vi levere?",
              "account.delivery.page.sub-heading": "Vis og rediger leveringsadressene dine",
              "account.household.subheading": "Gå til Husholdning på den gamle nettsiden.",
              "account.lists-and-recurring-order.heading": "Lister og faste bestillinger",
              "account.lists.details.metadata.description": [
                "Lists on ",
                ["siteName"],
                "."
              ],
              "account.lists.details.metadata.title": [
                "See your list - ",
                ["siteName"]
              ],
              "account.lists.heading": "Lister",
              "account.lists.page.heading": "Lister",
              "account.lists.page.metadata.description": "Se handlelistene dine og legg varer i handlekurven.",
              "account.lists.page.metadata.title": ["Lister – ", ["siteName"]],
              "account.lists.page.sub-heading": "Lag lister og legg dem i handlekurven.",
              "account.lists.page.view-and-manage-list-heading": "Se og endre listene dine",
              "account.lists.subheading": "Gå til listene dine på den gamle nettsiden.",
              "account.lists.subheading.beta": "Se alle handlelister",
              "account.order-complaint.button-upload-image": "Last opp bilde",
              "account.order-complaint.button-upload-new-image": "Bytt ut bildet",
              "account.order-complaint.button.back": "Gå tilbake",
              "account.order-complaint.button.next": "Neste",
              "account.order-complaint.button.remove-image": "Fjern bildet",
              "account.order-complaint.button.remove-product": "Fjern denne varen fra rapporten",
              "account.order-complaint.button.send-report": "Send rapport",
              "account.order-complaint.button.upload-missing-image": "Last opp bilde",
              "account.order-complaint.finished.body": "Tusen takk for tilbakemeldingen. Vi behandler rapporten og tar kontakt så raskt vi kan.",
              "account.order-complaint.finished.heading": "Beklager at ikke alt gikk som det skulle denne gangen",
              "account.order-complaint.heading": "Rapporter en feil i bestillingen din",
              "account.order-complaint.image-error-description": "Noe gikk galt med opplastingen. Vennligst prøv igjen.",
              "account.order-complaint.image-missing-description": "Du må legge til et bilde for å rapportere denne feilen. Last opp et bilde eller fjern varen for å gå videre.",
              "account.order-complaint.label-amount": "Antall",
              "account.order-complaint.label-image": "Legg ved et bilde av feilen",
              "account.order-complaint.label-reason": "Type feil",
              "account.order-complaint.page.metadata.description": "Rapporter feil",
              "account.order-complaint.page.metadata.title": [
                "Rapporter feil ",
                ["orderId"],
                " - ",
                ["siteName"]
              ],
              "account.order-complaint.title": "Rapporter feil",
              "account.order-complaint.validation-no-products-selected": "Du må velge minst én vare",
              "account.order-detail.page.add-to-cart.button": "Legg til i handlekurven",
              "account.order-detail.page.added-to-cart.button": "Lagt i handlekurven",
              "account.order-detail.page.breadcrumb.order": [
                "Bestilling ",
                ["orderNumber"]
              ],
              "account.order-detail.page.buy-again.body": [
                [
                  "numberOfItems",
                  "plural",
                  {
                    "one": [
                      "Legg til ",
                      ["numberOfItems"],
                      " produkt i handlekurven"
                    ],
                    "other": [
                      "Legg til disse ",
                      ["numberOfItems"],
                      " produktene i handlekurven"
                    ]
                  }
                ]
              ],
              "account.order-detail.page.buy-again.title": "Bestill igjen",
              "account.order-detail.page.cancel-order-modal.cancel-button": "Nei, ikke kanseller",
              "account.order-detail.page.cancel-order-modal.confirm-button": "Kanseller bestillingen min",
              "account.order-detail.page.cancel-order-modal.content": "Denne handlingen kan ikke angres",
              "account.order-detail.page.cancel-order-modal.title": "Er du sikker på at du vil kansellere bestillingen din?",
              "account.order-detail.page.doorstep-delivery.button-text": "Se hvor vi leverte varene dine",
              "account.order-detail.page.doorstep-delivery.delivery-image-info.text": "Bildet slettes automatisk om 30 dager",
              "account.order-detail.page.doorstep-delivery.title": "Du har bestilt levering utenfor døren!",
              "account.order-detail.page.doorstep-delivery.toggle.label": "Levering utenfor døren",
              "account.order-detail.page.metadata.description": "Vis og endre bestillingen din.",
              "account.order-detail.page.metadata.title": [
                "Bestilling ",
                ["orderId"],
                " – ",
                ["siteName"]
              ],
              "account.order-detail.page.order-complaint.body": "Er det en feil i bestillingen din?",
              "account.order-detail.page.order-complaint.button": "Rapporter en feil",
              "account.order-detail.page.order-complaint.title": "Rapporter feil",
              "account.order-detail.page.order-information": [
                "Bestillingsinformasjon – bestillingsnr.: ",
                ["orderId"]
              ],
              "account.order-detail.page.ordered-items": "Bestilte varer",
              "account.order-detail.page.ordered-recipes": "Bestilte oppskrifter",
              "account.order-detail.page.summary-pill": [
                ["productCount"],
                " varer – ",
                ["totalPrice"]
              ],
              "account.orders.active-orders.title": "Gjeldende bestillinger",
              "account.orders.empty-state.description": "Det kan vi hjelpe deg med!",
              "account.orders.empty-state.heading": "Tomt kjøleskap?",
              "account.orders.empty-state.link.label": "Handle nå",
              "account.orders.order-card.link.aria-label": "Se mer informasjon om denne bestillingen",
              "account.orders.page.heading": "Bestillinger",
              "account.orders.page.metadata.description": [
                "Vis bestillingene dine hos ",
                ["siteName"],
                "."
              ],
              "account.orders.page.metadata.title": [
                "Dine bestillinger – ",
                ["siteName"]
              ],
              "account.orders.page.sub-heading": "Vis nåværende og tidligere bestillinger",
              "account.orders.past-orders.title": "Tidligere bestillinger",
              "account.orders.show-more.label": "Vis mer",
              "account.page.heading": "Din konto",
              "account.page.metadata.description": "Se og administrer kontodetaljene dine",
              "account.page.metadata.title": ["Din konto – ", ["siteName"]],
              "account.page.sub-heading": "Se og administrer kontodetaljene dine",
              "account.password.edit.form.cancel": "Avbryt",
              "account.password.edit.form.current-password": "Nåværende passord",
              "account.password.edit.form.new-password": "Nytt passord",
              "account.password.edit.form.new-password.helper-text": "Bruk minst 6 tegn",
              "account.password.edit.form.save": "Lagre",
              "account.password.edit.page.alert": "Av sikkerhetshensyn logger vi deg ut av alle andre enheter når du endrer passordet ditt.",
              "account.password.edit.page.metadata.description": "Endre passord",
              "account.password.edit.page.metadata.title": [
                "Endre passord – ",
                ["siteName"]
              ],
              "account.password.edit.page.title": "Endre passord",
              "account.password.heading": "Passord",
              "account.password.page.last-changed": [
                "Sist endret ",
                ["lastChangedTime"]
              ],
              "account.password.page.metadata.description": "Administrer passordet ditt",
              "account.password.page.metadata.title": [
                "Passordet ditt – ",
                ["siteName"]
              ],
              "account.password.page.not-changed": "Det ser ut til at du ikke har endret passordet ditt på en stund.",
              "account.password.page.title": "Passord",
              "account.password.subheading": "Administrer passordet ditt",
              "account.payment.heading": "Betaling",
              "account.payment.page.metadata.description": "Vis og endre betalingsmetodene.",
              "account.payment.page.metadata.title": [
                "Betaling – ",
                ["siteName"]
              ],
              "account.payment.payment-card.delete-card-button.aria-label": "Slett kortet",
              "account.payment.payment-card.delete.cancel-button": "Avbryt",
              "account.payment.payment-card.delete.confirm-button": "Fjern",
              "account.payment.payment-card.delete.description-with-expiry-date": [
                "Er du sikker på at du vil fjerne kortnummeret ",
                ["paymentCard"],
                " som utløper ",
                ["expiryDate"],
                "?"
              ],
              "account.payment.payment-card.delete.description-without-expiry-date": [
                "Er du sikker på at du vil fjerne kortnummeret ",
                ["paymentCard"],
                "?"
              ],
              "account.payment.payment-card.delete.title": "Fjern dette kortet",
              "account.payment.payment-card.expired": "Utløpt",
              "account.payment.payment-card.last-used-date": [
                "Sist brukt ",
                ["lastUsedDate"]
              ],
              "account.payment.payment-cards.title": "Dine kort",
              "account.payment.subheading": "Vis betalingsmetodene dine",
              "account.payment.tip.info": "Du kan legge til en ny betalingsmåte neste gang du går videre til kassen. Informasjonen din lagres av betalingsleverandøren vår.",
              "account.payment.tip.title": "Legg til en ny betalingsmåte",
              "account.perks.empty": "Du har ingen fordeler ennå",
              "account.perks.heading": "Fordeler",
              "account.perks.page.metadata.description": "Se dine fordeler",
              "account.perks.page.metadata.title": [
                "Fordeler - ",
                ["siteName"]
              ],
              "account.perks.subheading": "Se dine fordeler",
              "account.perks.title.coupons": "Kuponger",
              "account.perks.title.delivery-coupons": "Leveringskuponger",
              "account.preferences.heading": "Preferanser",
              "account.preferences.page.metadata.description": "Se og endre innstillingene dine",
              "account.preferences.page.metadata.title": [
                "Innstillinger - ",
                ["siteName"]
              ],
              "account.preferences.product-sampling.description": "I blant legger vi med gratis nyheter eller vareprøver i leveringen din. Hvis du ikke ønsker å motta denne typen varer, kan du enkelt skru det av.",
              "account.preferences.product-sampling.title": "Ja, jeg vil motta vareprøver",
              "account.preferences.product-substitution.description": "Dersom en vare blir utsolgt, kan vi erstatte den med en vare som ligner. Vi dekker prisforskjellen på erstatningsvaren, du betaler aldri noe mer enn du skal. Du kan enkelt skru av denne funksjonen.",
              "account.preferences.product-substitution.title": "Jeg vil gjerne motta erstatningsvarer",
              "account.preferences.subheading": "Se og endre innstillingene dine",
              "account.preferences.tip.description": "Vi jobber med å legge til flere innstillinger på denne siden. Ta kontakt med oss hvis du har forslag eller tilbakemeldinger.",
              "account.preferences.tip.title": "Flere innstillinger kommer snart",
              "account.privacy.heading": "Personvern og sikkerhet",
              "account.privacy.page.delete-account.back": "Gå tilbake",
              "account.privacy.page.delete-account.button": "Slett konto",
              "account.privacy.page.delete-account.modal.information": "\u003c0\u003eNår du klikker på Slett konto-knappen, logges du ut. Etter 30 dager med inaktivitet blir kontoen din og personopplysningene dine permanent slettet.  Dette kan ikke angres.\u003c/0\u003e\u003c1\u003eVær oppmerksom på at vi er pålagt å beholde visse opplysninger i en lengre periode for å etterkomme regnskapsrett og andre lover. Disse opplysningene slettes automatisk etter at oppbevaringstiden utløper.\u003c/1\u003e\u003c2\u003eHvis du ombestemmer deg, kan du avbryte sletteforespørselen ved å logge inn igjen innen de neste 30 dagene.\u003c/2\u003e",
              "account.privacy.page.delete-account.modal.title": "Slett kontoen din",
              "account.privacy.page.metadata.description": "Vis og administrer personvern- og sikkerhetsinnstillingene dine",
              "account.privacy.page.metadata.title": [
                "Personvern og sikkerhet – ",
                ["siteName"]
              ],
              "account.privacy.page.personalization.marketing.description": [
                ["siteName"],
                " kan tilby mer relevant markedsføring via markedsføringspartnere som Google og Facebook basert på informasjon du gir oss og bruken din av tjenesten vår"
              ],
              "account.privacy.page.personalization.marketing.title": "Tilpass markedsføringen du ser i andre digitale kanaler",
              "account.privacy.page.personalization.shopping.description": [
                ["siteName"],
                " kan gi deg en mer personlig handleopplevelse basert på bruken din av tjenesten vår og informasjonen du deler med oss"
              ],
              "account.privacy.page.personalization.shopping.title": "Tilpass handleopplevelsen din",
              "account.privacy.page.personalization.title": "Personalisering",
              "account.privacy.page.sessions.current-session": "Denne enheten",
              "account.privacy.page.sessions.log-out": "Logg ut",
              "account.privacy.page.sessions.title": "Dine aktive innlogginger",
              "account.privacy.page.your-data.download": "Last ned dine data",
              "account.privacy.page.your-data.title": "Dine data",
              "account.privacy.subheading": "Vis og administrer personvern- og sikkerhetsinnstillingene dine",
              "account.product-lists.button.close-button": "Lukk",
              "account.product-lists.button.create-list": "Lag en liste",
              "account.product-lists.button.show-more": "Vis mer",
              "account.product-lists.check-box.add-to-list.aria": "Legg til i liste avmerkingsboks",
              "account.product-lists.create-new.button.cancel": "Avbryt",
              "account.product-lists.create-new.button.delete": "Slett",
              "account.product-lists.create-new.button.save": "Lagre",
              "account.product-lists.create-new.delete-modal.description": "Er du sikker på at du vil slette denne listen?",
              "account.product-lists.create-new.description": "Lister er gode å ha til en anledning, eller til varer du handler ofte. Det kan f.eks. være favorittoppskriften din, helgefrokost eller bursdagsfest.",
              "account.product-lists.create-new.field-description.error": "Dette feltet er påkrevd",
              "account.product-lists.create-new.field-description.list-description": "Si noe om hva listen inneholder",
              "account.product-lists.create-new.field-description.list-description.label": "Beskrivelse",
              "account.product-lists.create-new.field-description.list-title": "Gi listen et beskrivende navn",
              "account.product-lists.create-new.field-description.list-title.label": "Navn",
              "account.product-lists.details.button.deselect-all": "Fjern valgte",
              "account.product-lists.details.button.select-all": "Velg alle",
              "account.product-lists.details.item.button-increase.aria.add": "Pil opp legg til flere",
              "account.product-lists.details.item.button-increase.aria.remove": "Pil ned reduser antall",
              "account.product-lists.details.item.button.aria.add-to-cart": "Add product to cart",
              "account.product-lists.details.search.title": "Add more products to your list",
              "account.product-lists.details.suggestions.description": "Her er noen anbefalinger vi tror passer til listen din",
              "account.product-lists.details.suggestions.header": "Hva med disse?",
              "account.product-lists.details.summary.button.add-selected-to-cart": "Legg valgte i handlekurven",
              "account.product-lists.details.summary.button.edit-list": "Rediger liste",
              "account.product-lists.details.summary.products": [
                [
                  "quantity",
                  "plural",
                  {
                    "one": [["quantity"], " Vare"],
                    "other": [["quantity"], " Varer"]
                  }
                ]
              ],
              "account.product-lists.list-entry.subheading": [
                [
                  "quantity",
                  "plural",
                  {
                    "one": [["quantity"], " vare"],
                    "other": [["quantity"], " varer"]
                  }
                ]
              ],
              "account.product-lists.no-lists.header": "Du har ikke laget en liste ennå",
              "account.product-lists.recurring-order-mathem-onboarding-modal.body1": "Your recurring orders are now available as lists. Simply select a delivery time for your preferred list, and the content of that list will be delivered.",
              "account.product-lists.recurring-order-mathem-onboarding-modal.body2": "The content of a list can be edited until 12:30 the day before delivery. After this you’ll no longer be able to add or remove products. You’ll receive a reminder before this cut-off.",
              "account.product-lists.recurring-order-mathem-onboarding-modal.body3": "At the moment of cut-off, any products you have in the cart will be added to your upcoming order. This makes it easy to add extra products without having to mess up your lists!",
              "account.product-lists.recurring-order-mathem-onboarding-modal.close-button": "Lukk",
              "account.product-lists.recurring-order-mathem-onboarding-modal.next-button": "Neste",
              "account.product-lists.recurring-order-mathem-onboarding-modal.title1": "Recurring orders has changed a bit",
              "account.product-lists.recurring-order-mathem-onboarding-modal.title2": "Editing a recurring order",
              "account.product-lists.recurring-order-mathem-onboarding-modal.title3": "Easily add products to a delivery",
              "account.product-lists.recurring-order-mathem-onboarding-tip": "The content of a list can be edited up until 12:30 the day before a recurring delivery, except for Monday deliveries where lists can be edited until 12:30 the Friday prior. Any products in the cart at this time will automatically be added to your order.",
              "account.product-lists.recurring-order-tooltip": "Her velger du hvor mange varer du vil ha i listen. Det bestemmer også antallet du får med på hver faste levering.",
              "account.product-lists.search-bar-input-field-placeholder": "Søk etter varer du vil legge til i listen",
              "account.product-lists.tip.description": "Vi jobber med å få på plass listefunksjonen på nettsiden. Foreløpig kan du kun bruke eksisterende lister, men du kan fortsatt endre og lage nye i appen.",
              "account.product-lists.tip.title": "Under utvikling",
              "account.referrals.heading": "Inviter venner",
              "account.referrals.subheading": "Tjen kuponger ved å invitere venner og familie! Jo flere du inviterer, jo mer tjener du.",
              "account.reminders.heading": "Kommunikasjon",
              "account.reminders.page.metadata.description": "Vis og administrer kommunikasjonen vi sender deg",
              "account.reminders.page.metadata.title": [
                "Kommunikasjon – ",
                ["siteName"]
              ],
              "account.reminders.settings-title": "Dine kommunikasjonsinnstillinger",
              "account.reminders.subheading": "Vis og administrer kommunikasjonen vi sender deg",
              "account.reminders.tip.info": "Sjekk at du har skrudd på varslinger på telefonen din.",
              "account.reminders.tip.title": "Får du ikke opp push-varslene våre?",
              "account.reminders.weekly-reminder.cancel": "Avbryt",
              "account.reminders.weekly-reminder.day-label": "Dato",
              "account.reminders.weekly-reminder.info": "Vi gir deg en påminnelse om å handle:",
              "account.reminders.weekly-reminder.save": "Lagre",
              "account.reminders.weekly-reminder.set-reminder": "Angi en påminnelse",
              "account.reminders.weekly-reminder.time-label": "Tidspunkt",
              "address-search.chosen-address.in-delivery-area.text": "Vi leverer til adressen din",
              "address-search.chosen-address.not-in-delivery-area.text": "Beklager, vi leverer ikke til området ditt ennå.",
              "address-search.google.tip.not-in-delivery-area": "Vi leverer ikke hit … ennå!",
              "address-search.input.icon-label": "Fjern teksten",
              "address-search.input.label": "Adresse",
              "address-search.input.num-results-descriptions": [
                [
                  "numResults",
                  "plural",
                  {
                    "zero": ["Fant ", ["numResults"], " resultater"],
                    "one": ["Fant ", ["numResults"], " resultat"],
                    "other": ["Fant ", ["numResults"], " resultater"]
                  }
                ]
              ],
              "address-search.success-alert-eligible-for-delivery": "Skriv inn gatenavnet og -nummeret ditt og velg fra nedtrekksmenyen",
              "address-search.success-alert-eligible-for-delivery.contact-us": "Finner du ikke adressen din? Kontakt oss via",
              "anonymous.address-confirmed.afternoon-delivery-summary": "For leveringer på ettermiddagen, bestill innen 23:59 kvelden før",
              "anonymous.address-confirmed.alcohol-summary": "Levering av varer som inneholder alkohol",
              "anonymous.address-confirmed.b2b-invoice-summary": "Fleksible betalingsmuligheter som faktura på e-post og EHF-faktura",
              "anonymous.address-confirmed.b2b-slot-request-summary": [
                "Ønsker du et annet leveringstidspunkt enn de i oversikten under? Kontakt oss på \u003c0\u003e",
                ["emailAddress"],
                "\u003c/0\u003e, så ser vi om vi kan legge det til!"
              ],
              "anonymous.address-confirmed.browse-selection-cta": "Utforsk utvalget vårt",
              "anonymous.address-confirmed.carried-to-door-summary": "Levering på døra, uansett hvilken etasje du bor i",
              "anonymous.address-confirmed.confirmation-popup": "Vi leverer til adressen din!",
              "anonymous.address-confirmed.doorstep-cta": "Les mer her \u003e",
              "anonymous.address-confirmed.doorstep-summary": "Levering utenfor døren.",
              "anonymous.address-confirmed.free-delivery-callout": "Nye kunder får gratis levering i 3 måneder!*",
              "anonymous.address-confirmed.free-delivery-callout-terms": "*Gjelder så lenge du handler annenhver uke eller oftere",
              "anonymous.address-confirmed.morning-delivery-summary": "For morgenleveringer, bestill innen 20:00 kvelden før",
              "anonymous.address-confirmed.next-day-summary": "Levering neste dag",
              "anonymous.address-confirmed.offers-heading": [
                "Når du handler på ",
                ["siteName"],
                " får du:"
              ],
              "anonymous.address-confirmed.order-deadlines-heading": "Bestillingsfrister",
              "anonymous.address-confirmed.same-day-deadline-summary": "For leveringer samme dag, bestill før 12:30",
              "anonymous.address-confirmed.same-day-summary": "Levering samme dag",
              "anonymous.address-confirmed.sign-up-cta": "Opprett konto",
              "anonymous.address-confirmed.slot-picker-heading": "Leveringstider og priser",
              "anonymous.address-confirmed.slot-picker-summary": "Som ny kunde får du gratis levering i 3 måneder. Etter det ser leveringsprisene omtrent sånn ut:",
              "anonymous.address-confirmed.sms-summary": "Et estimat på når vi kommer, så slipper du å vente hele dagen på varene dine",
              "anonymous.address-confirmed.unavailable-heading": "Ikke tilgjengelig i ditt område:",
              "anonymous.address-confirmed.weekly-delivery-summary": "Levering flere ganger i uken",
              "anonymous.check-address-card.b2b-multiple-addresses-callout": "Du kan legge til flere adresser etter du har opprettet en profil",
              "anonymous.check-address-card.delivery-unavailable-callout": "Beklager, vi leverer ikke til området ditt ennå.",
              "anonymous.check-address-card.wait-list-cta": "Skriv deg opp på venteliste",
              "anonymous.check-address-card.wait-list-summary": "Skriv deg opp på ventelisten vår og få beskjed når vi kan levere til deg.",
              "anonymous.check-address-card.your-address-heading": "Skriv inn adressen din",
              "anonymous.label.b2b": "Bedrift",
              "anonymous.label.b2c": "Privat",
              "anonymous.label.check-delivery": "Sjekk adresse",
              "anonymous.new-customer-incentive.banner-heading": [
                "Handler du for første gang? Få ",
                ["newCustomerDiscountAmount"],
                " rabatt på din første bestilling!"
              ],
              "anonymous.new-customer-incentive.banner-summary": [
                "Bruk koden ",
                ["newCustomerDiscountCode"],
                " i kassen og få rabatt på din første bestilling. Gjelder kjøp på minst ",
                ["newCustomerDiscountThreshold"],
                ", og kun med varer som selges av ",
                ["brandName"],
                "."
              ],
              "anonymous.page.heading": "Sjekk om vi kan levere til deg",
              "b2b.lists.edit-order-cta": "Endre fast bestilling",
              "b2b.lists.next-delivery-summary": [
                "Neste levering ",
                ["deliveryDate"]
              ],
              "b2b.lists.order-paused-summary": "Pauset",
              "b2b.lists.recurring-order-cta": "Skru på fast bestilling",
              "b2b.lists.recurring-order-enabled": "Fast bestilling",
              "b2b.recurring-order-modal.error-no-slot-summary": "Beklager, vi fant ingen leveringstider i dette tidsrommet.",
              "b2b.recurring-order-modal.friday-summary": "fredag",
              "b2b.recurring-order-modal.heading": "Velg leveringsdetaljer",
              "b2b.recurring-order-modal.monday-summary": "mandag",
              "b2b.recurring-order-modal.order-confirm-summary": [
                "Din første faste bestilling er ",
                ["nextDate"]
              ],
              "b2b.recurring-order-modal.override-summary": "Hvis du lagrer, overstyrer du din nåværende faste bestilling.",
              "b2b.recurring-order-modal.pause-cta": "Pause",
              "b2b.recurring-order-modal.select-helper-text": "Velg",
              "b2b.recurring-order-modal.start-cta": "Start",
              "b2b.recurring-order-modal.stop-cta": "Stopp",
              "b2b.recurring-order-modal.thursday-summary": "torsdag",
              "b2b.recurring-order-modal.tuesday-summary": "tirsdag",
              "b2b.recurring-order-modal.wednesday-summary": "onsdag",
              "b2b.refer-business-confirmation.cta": "Gå tilbake til butikken",
              "b2b.refer-business-confirmation.heading": "Tusen takk!",
              "b2b.refer-business-confirmation.summary": [
                "Vi tar kontakt med bedriften via kontaktpersonen så snart vi kan. Dersom bedriften gjør en bestilling innen 31. september er både du og bedriften med i trekningen av 10.000 kr dere kan bruke på ",
                ["siteName"],
                "."
              ],
              "b2b.refer-business-form.business-name-label": "Navn på bedriften",
              "b2b.refer-business-form.contact-email-label": "E-post kontaktperson",
              "b2b.refer-business-form.contact-person-label": "Navn på kontaktperson",
              "b2b.refer-business-form.contact-phone-label": "Telefonnummer kontaktperson",
              "b2b.refer-business-form.cta": "Send verveinvitasjon",
              "b2b.refer-business-form.heading": "Verv en bedrift",
              "b2b.refer-business-form.privacy-checkbox-label": [
                "Jeg bekrefter at bedriften og kontaktpersonen vet at de blir kontaktet av ",
                ["siteName"]
              ],
              "b2b.refer-business-form.summary": "Vil du sette oss i kontakt med en bedrift? Fyll ut informasjonen under, så ordner vi resten.",
              "b2b.refer-business-form.terms-confirmation": "Ved å sende inn verveskjema godtar du \u003c0\u003ekonkurransevilkårene\u003c/0\u003e.",
              "blocks.components.commercial-list.buy-all": "Kjøp alle",
              "bookmark.aria-label": "Bokmerke",
              "cart-buttons.add-to-cart": "Legg til i handlekurven",
              "cart-buttons.quantity": "Antall",
              "cart-buttons.remove-from-cart": "Fjern fra handlekurven",
              "cart-page.checkout-button.title": "Fortsett",
              "cart-page.clear-cart.button": "Tøm handlekurv",
              "cart-page.delete-sold-out.accept-button": "Fjern og fortsett",
              "cart-page.delete-sold-out.back-button": "Tilbake til handlekurven",
              "cart-page.delete-sold-out.body": "Disse varene er enten utsolgt eller utilgjengelig av andre årsaker. Du må fjerne dem fra handlekurven før du kan gå videre til betalingen, eller gå tilbake til handlekurven for å se etter alternativer.",
              "cart-page.delete-sold-out.title": "Fjern varer som er utilgjengelige",
              "cart-page.empty-cart.body": "Dette vil fjerne alt fra handlekurven, også oppskriftsingredienser og varer fra handlelisten som du har lagt i den",
              "cart-page.empty-cart.delete-button": "Tøm",
              "cart-page.empty-cart.go-back-button": "Gå tilbake",
              "cart-page.empty-cart.title": "Er du sikker på at du vil tømme handlekurven?",
              "cart-page.empty.heading": "Du har ingen varer i handlekurven.",
              "cart-page.heading.sort-by.category.label": "Sorter etter kategori",
              "cart-page.heading.sort-by.category.label.short": "Kategorier",
              "cart-page.heading.sort-by.fieldset": "Sorter etter",
              "cart-page.heading.sort-by.recipes.label": "Sorter etter oppskrift",
              "cart-page.heading.sort-by.recipes.label.short": "Oppskrifter",
              "cart-page.heading.sub-title": "Sjekk handlekurven før du går til kassen og betaler.",
              "cart-page.heading.title": "Handlekurv",
              "cart-page.order-summary.total": "Total inkl. MVA",
              "cart-page.perks.aria.conditions": "Se vilkår",
              "cart-page.perks.heading": "Fordeler",
              "cart-page.product-listing.lists.title": "Dine lister",
              "cart-page.product-listing.products.title": "Produkter",
              "cart-page.product-listing.recipes.description": "Link til utskriftsvennlig versjon av oppskriftene finner du i bestillingsbekreftelsen vi sendte til e-posten din",
              "cart-page.product-listing.recipes.title": "Oppskrifter",
              "cart-page.product-row.show-alternatives-button.aria-label": [
                "Vis alternativer for ",
                ["0"]
              ],
              "cart-page.product-row.show-alternatives-button.label": "Endre",
              "cart-page.product-row.trash-button": [
                "Fjern alle ",
                ["0"],
                " fra handlekurven"
              ],
              "cart-page.unverified-email-dialog.cancel": "Gå tilbake",
              "cart-page.unverified-email-dialog.description": [
                "Klikk på koblingen i e-posten vi har sendt til \u003c0\u003e",
                ["email"],
                "\u003c/0\u003e, så er alt klart. Hvis dette ikke er riktig e-post, kan du oppdatere den på profilen din. Har du ikke mottatt e-posten?"
              ],
              "cart-page.unverified-email-dialog.resend": "Send e-post på nytt",
              "cart-page.unverified-email-dialog.title": "Bekreft e-postadressen din",
              "cart-page.validate.validate-header": "Utsolgte eller utilgjengelige varer i handlekurven",
              "cart-page.verify-email-box.description": [
                "Klikk på koblingen i e-posten vi har sendt til \u003c0\u003e",
                ["email"],
                "\u003c/0\u003e, så er alt klart. Hvis dette ikke er riktig e-post, kan du oppdatere den på profilen din. Har du ikke mottatt e-posten?"
              ],
              "cart-page.verify-email-box.title": "Vi må sikre at vi har registrert riktig e-post på deg for å fullføre bestillingen din",
              "cart.choose-alternatives.heading": "Velg alternativ til",
              "cart.claim-coupon.claim-coupon-button": "Jeg har en rabattkode",
              "cart.claim-coupon.form.enter-coupon-title": "Oppgi rabattkoden",
              "cart.claim-coupon.form.submit-coupon-button": "OK",
              "cart.delivery-fee-exemption.exemption": "Du har gratis levering",
              "cart.delivery-fee-exemption.minimum-order-amount": [
                "Gratis levering ved bestilling over ",
                ["threshold"]
              ],
              "cart.delivery-fee-exemption.remaining-until-free": [
                "Du er ",
                ["remaining"],
                " unna gratis levering"
              ],
              "cart.empty-state.empty-cart": "Handlekurven er tom",
              "cart.page.metadata.description": "Vis og endre handlekurven.",
              "cart.page.metadata.title": ["Handlekurv – ", ["siteName"]],
              "cart.promoted-products.heading": "Har du prøvd disse?",
              "categories.sort.default": "Våre forslag",
              "categories.sort.price-asc": "Høyest pris",
              "categories.sort.price-desc": "Lavest pris",
              "categories.sort.title": "Sorter etter",
              "categories.sort.unit-price-asc": "Høyest pris per enhet",
              "categories.sort.unit-price-desc": "Lavest pris per enhet",
              "category-filters.filters.title": "Filter",
              "category.page.metadata.description": [
                "Kjøp ",
                ["lowerCaseCategoryName"],
                " og alt annet av dagligvarer billig på nett! Varene får du utlevert, ferdig pakket, på en måte som passer deg."
              ],
              "category.page.metadata.title": [
                "Kjøp ",
                ["categoryName"],
                " billig på nett - ",
                ["siteName"]
              ],
              "check-eligibility.meta.description": [
                "Vi utvider kontinuerlig til nye leveringsområder. Legg igjen kontaktinformasjonen din, så gir vi deg beskjed når ",
                ["siteName"],
                " blir tilgjengelig i nabolaget ditt."
              ],
              "check-eligibility.meta.title": [
                ["siteName"],
                "s leveringsområde – sjekk om vi leverer til adressen din!"
              ],
              "checkout-done-page.done-button": "Sånn!",
              "checkout-done-page.stamp_card_progress.description": "Se oversikten på fordelssiden etter du har mottatt varene dine.",
              "checkout-done-page.stamp_card_progress.header": "Du er på vei til neste rabatt!",
              "checkout-done-page.stamp_card_progress.link-text": "Fordeler",
              "checkout-success.update-delivery-instructions-form.cancel": "Avbryt",
              "checkout-success.update-delivery-instructions-form.save": "Lagre",
              "checkout.authentication.header": "Betalingsautentisering",
              "checkout.cancel-reserved-delivery-slot.cancel-button": "Fjern reservasjon",
              "checkout.cancel-reserved-delivery-slot.description": "Hvis du fjerner reservasjonen åpner du for at andre kan bestille den, så det er ikke sikkert at det er ledig neste gang.",
              "checkout.cancel-reserved-delivery-slot.keep-button": "Behold reservasjon",
              "checkout.cancel-reserved-delivery-slot.title": "Er du sikker?",
              "checkout.cart-expander.close": "Skjul varene",
              "checkout.cart-expander.open": "Vis varene",
              "checkout.confirm.additions-order-summary-header": "Varer lagt til på din eksisterende bestilling",
              "checkout.confirm.cart": "Handlekurv",
              "checkout.confirm.cart-count": [
                ["productQuantityCount"],
                " varer"
              ],
              "checkout.confirm.header": "Nesten ferdig",
              "checkout.confirm.invoice.form-validation.email": "Dette er ikke en gyldig e-postadresse",
              "checkout.confirm.invoice.form-validation.only-numbers": "Her kan du kun skrive inn tall",
              "checkout.confirm.invoice.form-validation.postal-code.max-length": [
                "Maks ",
                ["length"],
                " sifre"
              ],
              "checkout.confirm.invoice.form-validation.postal-code.min-length": [
                "Minst ",
                ["length"],
                " sifre"
              ],
              "checkout.confirm.invoice.form-validation.required": "Obligatorisk felt",
              "checkout.confirm.items-count": [
                [
                  "numberOfItems",
                  "plural",
                  {
                    "one": [["numberOfItems"], " vare"],
                    "other": [["numberOfItems"], " varer"]
                  }
                ]
              ],
              "checkout.confirm.new-items-added-title": "Nye varer lagt til",
              "checkout.confirm.new-order-cost-title": "Ny totalsum",
              "checkout.confirm.now-payable": "Å betale",
              "checkout.confirm.order-summary-header": "Oppsummering",
              "checkout.confirm.original-order-cost-title": "Opprinnelig bestilling",
              "checkout.confirm.pay-with": "Betal med",
              "checkout.delivery-details.change-delivery-date-button": "Endre",
              "checkout.delivery-details.header": "Vi leverer varene dine",
              "checkout.delivery-details.is-unattended-delivery": "Leveres utenfor døren din",
              "checkout.delivery-slots.aria-label.cheapest": "Billigst",
              "checkout.delivery-slots.aria-label.unavailable": "Utilgjengelig",
              "checkout.delivery-slots.aria-label.with-neighboor": "Samme som naboen",
              "checkout.delivery-slots.change-delivery-time": "Bytt leveringstid",
              "checkout.delivery-slots.cheapest.description": "Mest for pengene",
              "checkout.delivery-slots.choose-delivery-time": "Velg leveringstid",
              "checkout.delivery-slots.full": "Fullt",
              "checkout.delivery-slots.neighbor.aria-label": "Trykk for mer informasjon om å dele leveringstid med naboene",
              "checkout.delivery-slots.neighbor.description": "Litt grønnere – samtidig som en nabo",
              "checkout.delivery-slots.neighbor.tooltip": "Bestill samtidig som en nabo, så hjelper du oss med å bli mer effektive, og du bidrar til mindre klimautslipp fra kjøring",
              "checkout.delivery-slots.next-days": "Senere",
              "checkout.delivery-slots.no-slots-available": "Dessverre ingen tilgjengelige leveringsmuligheter.",
              "checkout.delivery-slots.not-available": "Ikke tilgjengelig",
              "checkout.delivery-slots.previous-days": "Tidligere",
              "checkout.delivery-slots.selected-address-headline": [
                "Leveres til: ",
                ["addressDisplay"]
              ],
              "checkout.delivery.header": "Velg leveringstid",
              "checkout.expander.close": "Skjul oppsummering",
              "checkout.expander.open": "Vis oppsummering",
              "checkout.generic-errors-header": "Noe gikk galt",
              "checkout.layout.metadata.description": "Fullfør bestillingen din",
              "checkout.layout.metadata.title": ["Kasse – ", ["siteName"]],
              "checkout.modify.add-to-existing-order-button": "Gå til betaling",
              "checkout.modify.add-to-existing-order-header": "Legg til i eksisterende bestilling",
              "checkout.modify.create-new-order-button": "Fortsett",
              "checkout.modify.create-new-order-description": "Du velger leveringstid på neste side.",
              "checkout.modify.create-new-order-header": "Lag en ny bestilling",
              "checkout.modify.header": "Ønsker du alt på samme levering?",
              "checkout.payment-methods.disclaimer": "Det er ikke mulig å fjerne varer fra bestillingen etter du har betalt.",
              "checkout.payment-methods.header": "Lagrede betalingsmåter",
              "checkout.payment-methods.header-add": "Legg til ny metode",
              "checkout.payment-methods.invoice-form.invoice-details": "Fakturadetaljer",
              "checkout.payment-methods.label.label": "Betalingsmåter",
              "checkout.payment-methods.payment-button": [
                "Bekreft og betal ",
                ["formattedPrice"]
              ],
              "checkout.payment-methods.remember-card-checkbox": "Husk dette kortet – du kan fjerne det på profilen din når som helst",
              "checkout.payment-methods.sale-terms-full-text": [
                "Jeg godtar ",
                ["termsAndConditions"],
                " og er inneforstått med at angreretten på bestillingen er begrenset."
              ],
              "checkout.payment-methods.sale-terms-klarna-data-info-link-text": "Klarna's data protection information",
              "checkout.payment-methods.sale-terms-klarna-data-info-link-text-norway": "personvernerklæring",
              "checkout.payment-methods.sale-terms-klarna-terms-link-text": "terms and conditions for Klarna's retail service",
              "checkout.payment-methods.sale-terms-klarna-terms-link-text-norway": "vilkår",
              "checkout.payment-methods.sale-terms-mathem-integrity-policy-link-text": "our privacy policy",
              "checkout.payment-methods.sale-terms-no-klarna": [
                "Ved å klikke «Bekreft og betal» godkjenner jeg Klarnas ",
                ["klarnaTermsAndConditionsNorway"],
                " og ",
                ["klarnaPrivacyPolicyNorway"],
                "."
              ],
              "checkout.payment-methods.sale-terms-riverty-integrity-policy-link-text": "Privacy policy for Riverty",
              "checkout.payment-methods.sale-terms-riverty-terms-link-text": "terms and conditions for Riverty Faktura",
              "checkout.payment-methods.sale-terms-se-card": [
                "By clicking \"Confirm and pay\" you are accepting ",
                ["termsAndConditions"],
                " and confirming that you've read and accept ",
                ["mathemIntegrityPolicy"],
                "."
              ],
              "checkout.payment-methods.sale-terms-se-klarna": [
                "By clicking \"Confirm and pay\" you are accepting ",
                ["termsAndConditions"],
                ", ",
                ["klarnaTerms"],
                " and confirming that you've read and accept ",
                ["mathemIntegrityPolicy"],
                " and ",
                ["klarnaDataInfo"],
                "."
              ],
              "checkout.payment-methods.sale-terms-se-payex": [
                "By clicking \"Confirm and pay\" you are accepting ",
                ["termsAndConditions"],
                " and confirming that you've read and accept our ",
                ["mathemIntegrityPolicy"],
                "."
              ],
              "checkout.payment-methods.sale-terms-se-riverty": [
                "By clicking \"Confirm and pay\" you are accepting ",
                ["termsAndConditions"],
                ", ",
                ["rivertyTerms"],
                ", and confirming that you've read and accept ",
                ["mathemIntegrityPolicy"],
                " and ",
                ["rivertyIntegrityPolicy"],
                "."
              ],
              "checkout.payment-methods.sale-terms-terms-and-conditions-link-text": "vår bruker- og salgsbetingelser",
              "checkout.payment-methods.store-details.klarna": "Lagre til min neste betaling",
              "checkout.payment.secure": "Trygg betaling",
              "checkout.retry.errors-header": "Betaling feilet",
              "checkout.retry.header": "Prøv på nytt",
              "checkout.stripe.technical-error-info": "Betaling av disse varene fungerte ikke ved forrige forsøk grunnet et midlertidig teknisk problem. Vennligst prøv på nytt. Det kan hende du må fylle inn kortdetaljene dine på nytt akkurat denne gangen.",
              "checkout.success.address-instructions-body": "Er det noe vi trenger å vite?",
              "checkout.success.address-instructions-button": "Legg til leveringsinstruksjoner",
              "checkout.success.address-instructions-header": "Hjelp oss å finne frem til døren din",
              "checkout.success.delivery-address": [
                "Vi leverer bestillingen din til: ",
                ["address"]
              ],
              "checkout.success.discounted-products-header": "Gode tilbud du kan legge til i bestillingen",
              "checkout.success.discounted-products-see-more": "Se alle tilbud",
              "checkout.success.discounted-products-subheader": "Bare legg varer i handlekurven, gå til kassen og betal på vanlig måte.",
              "checkout.success.header": "Takk for bestillingen",
              "checkout.success.modal-address-header": "Adresse",
              "checkout.success.modal-address-instructions-header": "Leveringsinstruksjoner",
              "checkout.success.subHeader": "Sånn, nå har du gjort en smart handel til lave priser, hos en bærekraftig matbutikk. Sees snart!",
              "checkout.success.update-address-instructions-button": "Oppdater leveringsinstruksjoner",
              "checkout.unpaid.add-items-body": "Vi deler det opp i to ulike betalinger: én for tidligere ubetalte varer, og én for de nye varene du nettopp har lagt til.",
              "checkout.unpaid.add-items-header": "Legg varene i bestillingen og gå til kassen.",
              "checkout.unpaid.continue-to-payment-button": "Gå til betaling",
              "checkout.unpaid.forget-items-body": "Disse varene blir ikke lagt til i bestillingen din. Du betaler kun for varene du nylig la til i handlekurven.",
              "checkout.unpaid.forget-items-header": "Fjern varene og kun betal for de som nettopp ble lagt i handlekurven.",
              "checkout.unpaid.header": "Det ser ut som at du har prøvd å legge til varer på denne bestillingen.",
              "checkout.unpaid.options-header": "Hva vil du gjøre med disse varene?",
              "common.form-field.first-name-label": "Fornavn",
              "common.form-field.surname-label": "Etternavn",
              "common.helper-text.gate-code": "Dette er koden",
              "common.helper-text.intercom-name": "Navn på ringeklokke",
              "common.label.address-description": "Hvordan vil du beskrive adressen?",
              "common.label.apartment": "Leilighet",
              "common.label.choose-floor": "Hvilken etasje?",
              "common.label.gate-information": "Hvordan åpnes porten? ",
              "common.label.gate-is-open": "Den er åpen",
              "common.label.house": "Hus eller rekkehus",
              "common.label.intercom": "Ringeklokke",
              "common.label.port-code": "Portkode",
              "common.navigation.all-articles-cta": "Bli inspirert",
              "common.navigation.for-business-cta": "For bedrifter",
              "common.navigation.your-account-fallback": "Din konto",
              "common.placeholder.doorbell-name-helper-text": "Fyll inn navnet på ringeklokken",
              "cookie-widget.layer1.button-section.allow-all-button.label": "Godkjenn alle",
              "cookie-widget.layer1.button-section.allow-required-button.label": "Godkjenn kun nødvendige",
              "cookie-widget.layer1.button-section.settings-button.label": "Se informasjon og tilpass",
              "cookie-widget.layer1.content.body-text": "Vi samler inn atferdsdata gjennom cookies og andre teknologier, slik at vi kan forbedre kundeopplevelsen din og forbedre tjenesten vår. Vi deler informasjon med våre eksterne markedsføringspartnere for å vise mer relevante annonser på deres plattformer. Du kan alltid endre samtykket ditt ved å åpne “cookie-innstillinger”-lenken du finner nederst på nettsiden vår.",
              "cookie-widget.layer1.content.privacy-link": "Personvernerklæring",
              "cookie-widget.layer1.content.title": "Vi bruker cookies",
              "cookie-widget.layer2.about-content.rich-text.part1": "Oppdatert",
              "cookie-widget.layer2.about-content.rich-text.part2": "Hva er cookies?",
              "cookie-widget.layer2.about-content.rich-text.part3": "Som mange andre nettsteder bruker vi informasjonskapsler og lignende teknologi på våre nettsteder og andre digitale tjenester. En informasjonskapsel er et stykke tekst som lagres på enheten din og som hjelper oss med å finne ut hvilke deler av nettsidene våre som er mest populære, i tillegg til hvilke sider brukere besøker og hvor lenge de gjør det. Vi bruker også annen teknologi enn informasjonskapsler til å gjøre det samme. Dataene brukes til å gi deg en god opplevelse, til å forbedre ytelsen og i forbindelse med utvikling, analyse og målretting av annonser.",
              "cookie-widget.layer2.about-content.rich-text.part4": "Vi kan kombinere data fra informasjonskapsler med andre data vi har registrert om deg og ditt forhold til oss, men bare når det er tillatt av gjeldende lover eller når du har gitt oss ditt samtykke.",
              "cookie-widget.layer2.button-section.allow-all-button.label": "Godkjenn alle",
              "cookie-widget.layer2.button-section.allow-selected-button.label": "Godkjenn valgte",
              "cookie-widget.layer2.content-titles.marketing-label": "Markedsføring",
              "cookie-widget.layer2.content-titles.performance-label": "Ytelse",
              "cookie-widget.layer2.content-titles.required-label": "Nødvendige",
              "cookie-widget.layer2.content.marketing-details": "Disse cookiene bruker vi til å gi deg mer relevant og tilpasset markedsføring. Vi deler data om din bruk av våre nettsiden med våre markedsføringspartnere som Facebook, Google og Snapchat for å tilpasse vår markedsføring på disse platformene.",
              "cookie-widget.layer2.content.performance-details": "Cookies som vi bruker til å spore hvordan du bruker nettsidene våre, som gjør oss i stand til å gjøre mer omfattende analyser av besøkende og brukere på nettsidene våre, for å forbedre og utvikle tjenestene våre.",
              "cookie-widget.layer2.content.required-details": "Cookies som er nødvendige for at tjenesten vår skal fungere. For eksempel at vi holder deg innlogget, tar vare på varene i handlekurven din og husker dine innstillinger. Vi vurderer også cookies som brukes til aggregert statistikk, måling av trafikk og besøkende på nettsidene våre som nødvendige.",
              "cookie-widget.layer2.cookie-descriptions.domain": "Domene",
              "cookie-widget.layer2.cookie-descriptions.expiry": "Utløp",
              "cookie-widget.layer2.header.title": "Tilpass cookies",
              "cookie-widget.layer2.tab-row.about-tab.label": "Om",
              "cookie-widget.layer2.tab-row.details-tab.label": "Detaljer",
              "cookie-widget.layer2.tab-row.settings-tab.label": "Innstillinger",
              "create-account.account-details-section.business-email.tip": "Brukes for å logge inn og å motta informasjon om bestillinger.",
              "create-account.account-details-section.title.next": "Kontodetaljer",
              "create-account.account-details.input-label.business-email": "E-post for bedriftskonto",
              "create-account.address-section.address.tip": "Du kan legge til flere adresser etter du har laget en konto",
              "create-account.all-steps.change.button-label": "Endre",
              "create-account.all-steps.create-account.button-label": "Opprett konto",
              "create-account.all-steps.header.subtitle": "Har du allerede en konto? \u003c0\u003eLogg inn\u003c/0\u003e",
              "create-account.all-steps.header.title": [
                "Velkommen til ",
                ["siteName"]
              ],
              "create-account.all-steps.next.button-label": "Neste",
              "create-account.all-steps.step-1-module.title.success": "Leveringsadresse",
              "create-account.all-steps.step-2-module.title.next": "Er du gammel nok?",
              "create-account.all-steps.step-2-module.title.success": "Fødselsdato",
              "create-account.all-steps.step-3-module.field-error.header": "Noen felt inneholder feil",
              "create-account.all-steps.step-3-module.generic-error.body": "Systemene våre samarbeider ikke. Kontakt kundestøtten dersom problemet vedvarer.",
              "create-account.all-steps.step-3-module.generic-error.header": "Noe gikk galt",
              "create-account.all-steps.step-3-module.title.next": "Hvordan kan vi kontakte deg?",
              "create-account.all-steps.step-3-module.title.success": "Kontaktinformasjon",
              "create-account.all-steps.step-4-module.title.confirm-email": "Bekreft e-posten din",
              "create-account.all-steps.step-4-module.title.confirmed": "Takk!",
              "create-account.all-steps.step-4-module.title.next": "Bekreft e-posten din",
              "create-account.all-steps.step-4-module.title.success": "Kontoen er opprettet!",
              "create-account.all-steps.system-errors.generic-error.body-text": "Systemet vårt opplever for øyeblikket noen problemer. Prøv igjen senere, og kontakt kundestøtten hvis problemet vedvarer.",
              "create-account.all-steps.system-errors.generic-error.title": "Noe gikk galt",
              "create-account.business-account.boilerplate.login-link": "Har du allerede en bedriftskonto? \u003c0\u003eLogg inn\u003c/0\u003e",
              "create-account.business-account.boilerplate.text": "Vi tilbyr daglige leveringer helt frem til døren, et stort utvalg og fleksible betalingsmuligheter som faktura på e-post og EHF-faktura.",
              "create-account.business-account.boilerplate.title": "Lag en bedriftskonto",
              "create-account.company-details-section.input-label.organization-delivery-location": "Type bedrift",
              "create-account.company-details-section.input-label.organization-name": "Bedriftsnavn",
              "create-account.company-details-section.input-label.organization-number": "Organisasjonsnummer",
              "create-account.company-details-section.organization-delivery-location.placeholder": "Ikke valgt",
              "create-account.company-details-section.title": "Bedriftsdetaljer",
              "create-account.company-details-section.validation.invalid-delivery-location": "Noe gikk galt. Vennligst velg en av alternativene på listen.",
              "create-account.company-details-section.validation.invalid-organization-number": "Det er ikke et gyldig organisasjonsnummer.",
              "create-account.contact-person-section.phone-number.tip": "Denne informasjonen brukes i forbindelse med kommunikasjon om bestillingene dine. Vi ber deg derfor oppgi informasjonen til personen som håndterer bestillinger for organisasjonen din",
              "create-account.contact-person-section.title": "Kontaktperson",
              "create-account.error-state.age.body-text": "Vi kan ikke opprette en konto for personer som er under 18 år, men vi blir gjerne med på feiringen av 18-årsdagen din når den tid kommer, så kom tilbake når du er gammel nok!",
              "create-account.error-state.age.title": "Beklager! Du er litt for ung.",
              "create-account.lead-step-0.button-label": "Bli med",
              "create-account.lead-step-0.step-title": "Lyst til å registrere deg på ventelisten vår?",
              "create-account.step-1-module.title": "Hvor skal vi levere?",
              "create-account.step-1.input-label.placeholder-text": "Sjekk om vi leverer til ditt område",
              "create-account.step-2.body-text": [
                ["siteName"],
                " selger alkohol og medisiner, så du må være over 18 år for å handle hos oss. Derfor må vi spørre …"
              ],
              "create-account.step-3.checkbox-label.marketing": "Jeg vil ha det ukentlige nyhetsbrevet og middagstips",
              "create-account.step-3.checkbox-label.service-information": "Jeg vil ha tips, spesielle tilbud og nyttig informasjon",
              "create-account.step-3.email.error-message.wrong-format": "Oppgi en gyldig e-postadresse",
              "create-account.step-3.input-label.email": "E-post",
              "create-account.step-3.input-label.firstname": "Fornavn",
              "create-account.step-3.input-label.lastname": "Etternavn",
              "create-account.step-3.input-label.password": "Lag et passord",
              "create-account.step-3.input-label.phone": "Telefonnummer",
              "create-account.step-3.phone-validation.required": "Vi trenger telefonnummeret ditt",
              "create-account.step-3.phone-validation.too-long": "For mange tall",
              "create-account.step-3.phone-validation.too-short": "For få tall",
              "create-account.step-3.subscriptions.information": "Vi kommuniserer med e-post, pushvarsler og SMS. Du kan endre hva du får tilsendt på profilen din.",
              "create-account.step-3.terms.full_text": "Ved å registrere deg aksepterer du våre \u003c0\u003eterms and conditions\u003c/0\u003e og \u003c1\u003eprivacy policy\u003c/1\u003e.",
              "create-account.step-4.button-label.start": "Handle nå!",
              "create-account.tabs.business-tab.title": "Bedrift",
              "create-account.tabs.user-tab.title": "Privat",
              "custom-404.body": "Sånt skjer! Heldigvis er det lett å finne veien tilbake.",
              "custom-404.error-code": "404 - Finner ikke siden",
              "custom-404.heading": "Det ser ut som at du har havnet i et hjørne av butikken som ikke finnes.",
              "custom-404.link-text": "Tilbake til butikken",
              "custom-404.meta.title": [
                "Siden ble ikke funnet – ",
                ["siteName"]
              ],
              "custom-500.body": "Her har noe gått galt. Ta gjerne en ny tur i butikken mens vi rydder opp.",
              "custom-500.error-code": "500 - Intern serverfeil",
              "custom-500.heading": "Oops, beklager rotet!",
              "custom-500.link-text": "Tilbake til butikken",
              "delivery.check-eligibility.tip.free-delivery-new-customers.title": "Nye kunder får gratis levering i 3 måneder!",
              "discover-categories.show-less-button": "Vis færre",
              "discover-categories.show-more-button": "Vis flere",
              "doorkeeper-alert.button": "Join the waiting list",
              "doorkeeper-alert.heading": [
                "Put your name on our waiting list so you know when you can shop with ",
                ["siteName"],
                "!"
              ],
              "doorkeeper-alert.subheading": "We're experiencing very high demand for our services right now. That means we can't get to everyone right away, but if you leave your contact details with us, we'll let you know as soon as we're ready to deliver to you.",
              "doorstep_delivery.banner.enable.link": "Aktiver for din bolig",
              "doorstep_delivery.banner.enable.text": "Visste du at vi kan levere varene utenfor døren din?",
              "doorstep_delivery.wizard.button.step_back": "Tilbake",
              "doorstep_delivery.wizard.next_button": "Neste",
              "doorstep_delivery.wizard.step_1.description": "Få middagen levert selv om du ikke har rukket hjem, legg barna uten å bli forstyrret, eller få lørdagsfrokosten levert før du står opp.",
              "doorstep_delivery.wizard.step_1.image_alt_text.cardboard_boxes": "Pappeske utenfor en dør",
              "doorstep_delivery.wizard.step_1.next_button": "Kom i gang",
              "doorstep_delivery.wizard.step_1.point_1": "Velg et leveringstidspunkt",
              "doorstep_delivery.wizard.step_1.point_2": "Sjåføren setter fra seg varene utenfor døren din",
              "doorstep_delivery.wizard.step_1.point_3": "Du får en SMS om at varene er levert.",
              "doorstep_delivery.wizard.step_1.title": "Levering utenfor døren",
              "doorstep_delivery.wizard.step_2.answer.no": "Nei, inngangsdøren er bak en låst port eller fellesdør",
              "doorstep_delivery.wizard.step_2.answer.yes": "Ja, dere har tilgang til å sette varene ved inngangsdøren",
              "doorstep_delivery.wizard.step_2.description": [
                "Kommer vi oss helt frem til inngangsdøren din i \u003c0\u003e",
                ["addressDisplayFull"],
                "\u003c/0\u003e?"
              ],
              "doorstep_delivery.wizard.step_2.title": "Er det fri tilgang til inngangsdøren?",
              "doorstep_delivery.wizard.step_3.description": "Vi gjør vårt beste for å plassere varene dine trygt, og følger leveringsinstruksjonene du gir oss. Det er allikevel greit å vite at når du velger levering utenfor døren påtar du deg risikoen for at:",
              "doorstep_delivery.wizard.step_3.rule_1": "Varene kan bli ødelagt eller stjålet hvis de blir stående ute, selv i korte perioder.",
              "doorstep_delivery.wizard.step_3.rule_2": "Varene kan bli stående i veien for folk som skal forbi.",
              "doorstep_delivery.wizard.step_3.title": "Når varene er levert, får du ansvaret",
              "doorstep_delivery.wizard.step_3.user_agreement_statement": "Jeg forstår risikoene og tar fullt ansvar for varene etter de er levert.",
              "doorstep_delivery.wizard.step_4.delivery_instructions_label": "Leveringsinstruksjoner",
              "doorstep_delivery.wizard.step_4.description": "Legg gjerne til en beskrivelse av hvordan vi finner frem til døren din – det gjør det enklere for sjåføren å levere varene dine trygt på riktig sted.",
              "doorstep_delivery.wizard.step_4.next_button": "Fullfør",
              "doorstep_delivery.wizard.step_4.title": "Hjelp oss med å levere trygt",
              "doorstep_delivery.wizard.step_5.description": [
                "Vi leverer varene utenfor døren på \u003c0\u003e",
                ["addressDisplayFull"],
                "\u003c/0\u003e, med mindre du gir oss en annen beskjed."
              ],
              "doorstep_delivery.wizard.step_5.info_text": "Du kan skru av eller på levering utenfor døren hver gang du bestiller. Du kan også endre innstillingene på profilen din.",
              "doorstep_delivery.wizard.step_5.next_button": "Fortsett å handle",
              "doorstep_delivery.wizard.step_5.title": "Sånn!",
              "doorstep_delivery.wizard.toggle.text": "Levering utenfor døren",
              "doorstep_delivery.wizard.unavailable_delivery.description": "Vi kan dessverre ikke sette fra oss varene utenfor med mindre det er fri tilgang til inngangsdøren din.Vi jobber med å utvikle denne tjenesten, og skal sørge for å gi beskjed om fremtidige forbedringer.",
              "doorstep_delivery.wizard.unavailable_delivery.title": "Beklager så mye",
              "editorial-footer.administer-cookies": "Administrer informasjonskapsler",
              "editorial.link.label.default": "Handle nå",
              "editorial.link.read-also": "Les også:",
              "editorial.parent-page.read-more": "Les mer",
              "email-subscription.api-error-message": "Kunne ikke lagre. Vennligst, prøv på nytt.",
              "email-subscription.body": [
                "Oppdater e-postabonnement for ",
                ["0"]
              ],
              "email-subscription.heading": "E-postabonnement",
              "email-subscription.page.metadata.description": "Vis og administrer e-postabonnementene dine.",
              "email-subscription.page.metadata.title": [
                "E-postabonnement – ",
                ["siteName"]
              ],
              "email-subscription.success-message": "E-postabonnementene dine er oppdatert",
              "feed.page.loading": "Laster…",
              "filters.empty": "Ingen produkter funnet",
              "filters.reset": "Tøm filter",
              "form.save-button": "Lagre",
              "form.success-button": "Lagret",
              "global.breadcrumbs.home": "Hjem",
              "globals.beta-warning.title": "Vi jobber fortsatt med å få nettopplevelsen opp å kjøre.",
              "globals.error.text": "Oida! Noe gikk galt. Vent litt og prøv igjen.",
              "hamburger-menu.open.aria-label": "Open hamburger menu",
              "header.cart-alt-text": "Gå til handlekurven",
              "header.cart.alt-open-cart": "Åpne handlekurv",
              "header.delivery-slot-button.label": "Velg leveringstid",
              "header.logo-alt-text": "Gå til forsiden",
              "header.nav-item.for-you.label": "Varer til deg",
              "header.nav-item.label.label": "Oppskrifter",
              "header.nav-item.label.lists": "Lister",
              "header.nav-item.label.offers": "Tilbud",
              "header.nav-item.products.label": "Kategorier",
              "header.nav-item.sign-in.label": "Logg inn",
              "header.nav-item.sign-up.label": "Opprett konto",
              "header.user-login-alt-text": "Gå til innloggingssiden",
              "helpscout.chat-bubble.title": "Hjelp",
              "home.header.deliverytracker.no-slot-selection.choose-delivery-button": "Velg leveringstid",
              "home.header.deliverytracker.no-slot-selection.preselect-description": "Når du velger et leveringstidspunkt vises riktige priser og tilgjengelighet på varer. Du kan endre tidspunkt helt fram til du betaler.",
              "home.header.deliverytracker.no-slot-selection.title": [
                "Hei, ",
                ["firstName"],
                "! Når vil du ha varene levert?"
              ],
              "homepage.categories.explore-all.title": "Se alle kategorier",
              "inspiration.page.title": "Inspirasjon",
              "kickstart.buy-again.add-all-to-cart": "Legg alt i handlekurven",
              "kickstart.continue-shopping.heading": "Hva vil du se etter nå?",
              "leads.register-interest.survey.card.button.send-in": "Send in",
              "leads.register-interest.survey.question.ads": "I reklamer",
              "leads.register-interest.survey.question.friends": "Via venner og familie",
              "leads.register-interest.survey.question.news": "På nyhetene",
              "leads.register-interest.survey.question.other": "Other",
              "leads.register-interest.survey.question.postcard": "Postcard / letter in the mailbox",
              "leads.register-interest.survey.question.social": "På sosiale medier",
              "leads.register-interest.survey.response-registered": "Svaret ditt er registrert.",
              "leads.verify-email.error-expired-body": "Ingen grunn til bekymring, vi kan sende en ny link.",
              "leads.verify-email.error-expired-button-init": "Send en ny bekreftelseslink",
              "leads.verify-email.error-expired-button-sent": "Bekreftelseslinken ble sendt",
              "leads.verify-email.error-expired-error-message": [
                "Oida! Noe gikk galt. Hvis problemet vedvarer, bes du kontakte kundestøtten på \u003c0\u003e",
                ["odaFiMail"],
                "\u003c/0\u003e"
              ],
              "leads.verify-email.error-expired-header": "Det ser ut til at du har klikket på en link som ikke finnes.",
              "leads.verify-email.error-generic-body": [
                "Hvis problemet vedvarer, bes du kontakte kundestøtten på \u003c0\u003e",
                ["odaFiMail"],
                "\u003c/0\u003e"
              ],
              "leads.verify-email.error-generic-header": "Noe gikk galt.",
              "leads.verify-email.success-header-text": "E-postadressen din er nå bekreftet!",
              "leads.verify-email.success-info-text": [
                "Så fint at du er interessert i ",
                ["siteName"],
                "! Vi sender deg en e-post når alt er klart for å legge inn din første bestilling."
              ],
              "lists.manage-lists.add-more-products-card": "Legg til flere varer i listen",
              "lists.manage-lists.by-name-option": "Etter navn",
              "lists.manage-lists.delete-list-modal-cancel-button": "Avbryt",
              "lists.manage-lists.delete-list-modal-delete-button": "Slett",
              "lists.manage-lists.delete-list-modal-heading": "Slett fra listen?",
              "lists.manage-lists.delete-list-modal-summary": [
                "Er du sikker på at du vil slette ",
                ["productName"],
                " fra listen?"
              ],
              "lists.manage-lists.last-created-option": "Sist opprettet",
              "lists.manage-lists.last-modified-option": "Sist endret",
              "lists.manage-lists.most-used-option": "Mest brukt",
              "lists.manage-lists.sort-popover": "Sorter",
              "login-page.email-input.error": [
                "«",
                ["username"],
                "» er ikke en gyldig e-post. Ta en titt."
              ],
              "login-page.email-input.label": "Din e-post",
              "login-page.forgot-your-password": "Glemt passordet?",
              "login-page.heading": "Du er klar for å handle!",
              "login-page.password-input.error": "Dette feltet må fylles ut.",
              "login-page.password-input.label": "Ditt passord",
              "login-page.sign-up-card.description.beta": [
                "Du må opprette en ",
                ["siteName"],
                "-konto for å handle hos oss."
              ],
              "login-page.sign-up-card.title": "Har du ingen konto ennå?",
              "login-page.subheading": "Logg inn for å starte.",
              "login-page.submit-button": "Logg inn",
              "login.page.metadata.description": "Logg inn i nettbutikken og gå i gang med handlingen.",
              "login.page.metadata.title": ["Logg inn – ", ["siteName"]],
              "mega-menu.all-products": "Alle produkter \u003e\u003e",
              "mega-menu.close": "Lukk",
              "mega-menu.title.popular": "Snarveier",
              "mega-menu.title.presented-by-oda": "Bli inspirert",
              "mini-cart.button.continue": "Gå til handlekurven",
              "mini-cart.grouping.other-products": "Andre varer",
              "mini-cart.header.close": "Lukk",
              "minicart.empty-cart.body": "Legger du til varer litt og litt gjennom uka er nesten hele jobben gjort når du skal legge inn neste bestilling",
              "minicart.empty-cart.title": "Legg til varer underveis i uken",
              "minicart.items.number-of-items": [
                [
                  "numItems",
                  "plural",
                  {
                    "0": "Du har ingen varer i handlekurven",
                    "one": ["Du har ", ["numItems"], " vare i handlekurven"],
                    "other": ["Du har ", ["numItems"], " varer i handlekurven"]
                  }
                ]
              ],
              "network-error-alert.description": "Prøv på nytt eller kontakt \u003c0\u003ekundeservice\u003c/0\u003e hvis problemet vedvarer.",
              "network-error-alert.title": "Vi opplever for øyeblikket nettverksproblemer",
              "order.previous-order.main-cta": "Kickstart min bestilling",
              "order.previous-order.modal.categories.title": "Varer",
              "order.previous-order.modal.end": "Sånn!",
              "order.previous-order.modal.links.categories-cta": "Kategorier",
              "order.previous-order.modal.links.recipes-cta": "Oppskifter",
              "order.previous-order.modal.links.title": "Mangler du fortsatt noe?",
              "order.previous-order.modal.offers-cta": "Tilbud",
              "order.previous-order.modal.product-lists.title": "Dine lister",
              "order.previous-order.modal.recipes.title": "Oppskrifter",
              "order.previous-order.modal.title": "Dette kjøpte du sist",
              "order_complaints.error_uploading.title": "Opplastingen feilet",
              "order_complaints.image_required.title": "Bilde påkrevd",
              "orders.previous-order.add-to-cart.cta": "Kjøp alt",
              "orders.previous-order.added-to-cart.cta": "Lagt i handlekurven",
              "pagination.aria-label.page+1": "Neste side",
              "pagination.aria-label.page-1": "Forrige side",
              "password-input-field.password.hide": "Skjul",
              "password-input-field.password.show": "Vis",
              "password-reset-confirm.heading": "Lag et nytt passord",
              "password-reset-confirm.page.metadata.description": "Bekreft tilbakestillingen av passordet og oppgi et nytt passord.",
              "password-reset-confirm.page.metadata.title": [
                "Bekreft tilbakestillingen av passordet – ",
                ["siteName"]
              ],
              "password-reset-confirm.password-input-label": "Skriv inn ditt valgte passord",
              "password-reset-confirm.password-input-label-2": "En gang til – øvelse gjør mester!",
              "password-reset-confirm.password-input.match-error-text": "Passordene matcher ikke",
              "password-reset-confirm.password-input.network-error-text": "Ser ut som det er et tilkoblingsproblem",
              "password-reset-confirm.password-input.too-short-error-text": "Passordet er for kort",
              "password-reset-confirm.password-requirements.different": "Gjør det forskjellig fra de andre passordene dine",
              "password-reset-confirm.password-requirements.heading": "Prøv å bruke et sterkt passord. Her er det du trenger:",
              "password-reset-confirm.password-requirements.length": "Minst 6 tegn",
              "password-reset-confirm.password-requirements.original": "Vær original: ikke bruk «passord» eller «123abc»",
              "password-reset-confirm.subheading": "La oss gjøre dette",
              "password-reset-confirm.subheading.body": "...faktisk, la oss gjøre det to ganger, bare for å være sikker på at du har stavet det riktig",
              "password-reset-confirm.submit-button-text": "Lagre",
              "password-reset-email-sent.body": "Du skal nå ha en e-post fra oss med en lenke for å hjelpe deg med å lage et nytt passord. Sørg for å sjekke spam-mappen din hvis du ikke kan se den i innboksen.",
              "password-reset-email-sent.heading": "Sjekk e-posten din",
              "password-reset-email-sent.retry-text": "Hvis du ikke fikk en e-post og du har sjekket spam-mappen din, må du sjekke at du ga oss adressen du registrerte deg med. Du kan prøve på nytt \u003c0\u003ehere\u003c/0\u003e.",
              "password-reset-email.page.metadata.description": "E-post for tilbakestilling av passord er sendt. Sjekk e-posten din.",
              "password-reset-email.page.metadata.title": [
                "E-post for tilbakestilling av passord er sendt – ",
                ["siteName"]
              ],
              "password-reset-success.body": "Det nye passordet ditt er klart til bruk. La oss gå og handle!",
              "password-reset-success.heading": "Sånn, da er du klar",
              "password-reset-success.login-button": "Logg inn",
              "password-reset-success.page.metadata.description": "Passordet er tilbakestilt. Du kan nå bruke det nye passordet.",
              "password-reset-success.page.metadata.title": [
                "Passordet er tilbakestilt – ",
                ["siteName"]
              ],
              "password-reset.body": "Hvis du har glemt passordet ditt, ikke noe problem. Skriv inn e-postadressen din nedenfor, så sender vi deg en lenke du kan bruke til å velge et nytt passord på e-post! Lett som en plett!",
              "password-reset.email-input-email-error-message": "Ser ut til at e-postadressen du skrev inn ikke er gyldig",
              "password-reset.email-input-info": "Sørg for at dette er samme e-postadresse som du registrerte deg med.",
              "password-reset.email-input-label": "Hva er e-postadressen din?",
              "password-reset.email-input-network-error-message": "Ser ut som det er et tilkoblingsproblem",
              "password-reset.email-input-placeholder": "E-postadressen din",
              "password-reset.heading": "Du trenger ikke en ny hjerne, bare et nytt passord",
              "password-reset.page.metadata.description": "Skriv inn e-posten din for å tilbakestille passordet.",
              "password-reset.page.metadata.title": [
                "Tilbakestilling av passord – ",
                ["siteName"]
              ],
              "password-reset.submit-button-text": "Send",
              "press-release-links.show-more-button": "Vis flere",
              "press-release.content.assets-title": "Nedlastbare eiendeler",
              "press-release.content.download-pdf": "Last ned som PDF",
              "product-detail.detailed-info.restricted-text": "Dette produktet kan bare utleveres til personer over 18 år",
              "product-detail.detailed-info.restricted-text.read-more-here": "Les mer …",
              "product-detail.detailed-info.restricted-title": "Aldersbegrensninger",
              "product-detail.product-description.about-the-product": "Om produktet",
              "product-detail.product-label.show-me-alternatives": "Vis alternativer",
              "product-details.alternatives": "Alternativer",
              "product-details.bottle-deposit.is-included": [
                "inkl. pant på ",
                ["bottleDepositFee"]
              ],
              "product-details.bottle-deposit.not-included": [
                "+ pant på ",
                ["bottleDepositFee"]
              ],
              "product-details.info.content": "Innhold",
              "product-details.info.nutritionalContent": "Næringsinnhold",
              "product-details.info.restricted-text": "Dette produktet kan bare utleveres til personer over 18 år",
              "product-details.language-toggle.aria-label": "Velg språk for produktinformasjonen",
              "product-details.product-description.modal.link-to-page": "Gå til produktsiden",
              "product-details.product-description.show-brand-products-link": [
                "Se alle varer fra ",
                ["brand"]
              ],
              "product-details.related": "Relatert",
              "product-list-details.button.buy-all-products": "Legg alle varene i handlekurven",
              "product-list-item.discontinued-badge.description": "Utilgjengelig",
              "product-list-item.quantity-badge.description": [
                [
                  "quantity",
                  "plural",
                  {
                    "one": [["quantity"], " stk"],
                    "other": [["quantity"], " stk"]
                  }
                ]
              ],
              "product-list-item.sould-out-badge.description": "Utsolgt",
              "product-list.list-entry.subheading": "varer",
              "product-lists.modal.save-to-list": "Lagre i en liste",
              "product-lists.tip.description": "Vi kan foreslå produkter til lister med beskrivende navn som «Pizza» eller «Taco». Prøv det selv!",
              "product-lists.tip.heading": "Finn et beskrivende navn",
              "product-row.link.aria-label": ["Gå til ", ["productName"]],
              "product-suggestion.add-suggestion": "Legg til ny produkt",
              "product-suggestion.brand-input": "Merke (valgfritt)",
              "product-suggestion.product-name-input": "Produktnavn",
              "product-suggestion.product-name-input.error": "Dette feltet er påkrevd",
              "product-suggestion.send-suggestion": "Send forslag",
              "product-suggestion.success-message": "Takk for din tilbakemelding! Forslaget ditt ble vellykket sendt",
              "product-suggestion.title": "Del dine produktforslag",
              "product-suggestions.page.metadata.description": "Foreslå nye produkter til oss",
              "product-suggestions.page.metadata.title": [
                "Produktforslag - ",
                ["siteName"]
              ],
              "product-tile.cta.choose": "Velg",
              "product.page.metadata.description": [
                "Bestill ",
                ["productName"],
                " og andre matvarer fra ",
                ["siteName"],
                " til døren din. Vi har det bredeste og mest prisgunstige utvalget av leveringstidspunkter med priser som starter fra ",
                ["deliveryStartingPrice"],
                "!"
              ],
              "product.product-lists.button.create-list": "Lag en ny liste",
              "product.product-lists.button.edit-list": "Rediger liste",
              "product.product-lists.button.save-to-list": "Lagre i en liste",
              "product.product-lists.heading.choose-list": "Velg liste",
              "product.tile.discount.valid-until": [
                "På salg til ",
                ["activeUntilDate"]
              ],
              "productDetail.breadcrumb.all-products": "Alle produkter",
              "productDetail.breadcrumb.home": "Hjem",
              "profile.about-you.complete-profile-heading": "Vi trenger å vite litt mer om deg",
              "profile.about-you.complete-profile-summary": "For å kunne flytte profilen din over til det nye systemet vårt, trenger vi litt mer informasjon fra deg.",
              "profile.about-you.your-name-section-heading": "Navnet ditt",
              "profile.perks.stamp_card.active_discounts.header": "Aktive rabatter",
              "profile.perks.stamp_card.conditions.read_more": "Les mer her",
              "profile.perks.stamp_card.discount_button_title": "Se rabattene",
              "profile.perks.stamp_card.header": "Dine rabatter",
              "profile.perks.stamp_card.no_reward_title": [
                [
                  "stampsUntilNextReward",
                  "plural",
                  {
                    "one": [
                      "Bestill ",
                      ["stampsUntilNextReward"],
                      " gang til for å låse opp neste rabatt"
                    ],
                    "other": [
                      "Bestill ",
                      ["stampsUntilNextReward"],
                      " ganger til for å låse opp neste rabatt"
                    ]
                  }
                ]
              ],
              "profile.perks.stamp_card.reward_expires_today": "Rabatt utløper i dag",
              "profile.perks.stamp_card.reward_inactive": "Inaktiv rabatt",
              "profile.perks.stamp_card.reward_initial_description": "Gjør en bestilling for å komme i gang",
              "profile.perks.stamp_card.reward_initial_title": "Få rabatter på utvalgte kategorier når du handler!",
              "profile.perks.stamp_card.reward_placeholder": "Få rabatt på utvalgte kategorier når du handler!",
              "profile.perks.stamp_card.reward_title": "Du har fått en ny rabatt!",
              "profile.perks.stamp_card.reward_valid_for": [
                [
                  "daysLeft",
                  "plural",
                  {
                    "one": ["Gyldig i: ", ["daysLeft"], " dag"],
                    "other": ["Gyldig i: ", ["daysLeft"], " dager"]
                  }
                ]
              ],
              "promotion.fewLeft": ["Bare ", ["remainingQuantity"], " igjen!"],
              "promotion.is-sponsored.title": "Sponset",
              "promotion.maximumQuantity": [
                "Maks ",
                ["maximumQuantity"],
                " varer"
              ],
              "punchout.address-info": "We need your address to give you accurate information on availability while you shop. But, if your address is near another existing address, then you won't need to add the exact details here.",
              "punchout.checkout-note": "Until Peppol Punchout is set up, you'll be logged in but will have to check out without returning to your eProcrement/ERP system. This means there's no approval process in place.",
              "punchout.dispatch-notif-work": "We support Peppol Punchout for eProcurement orders, but the process to test this is complex thanks to the different eProcurement/ERP systems. Just get in touch with us if you have any issues. We're also still working on support for dispatch and additional notifications that some of our customers have requested.",
              "punchout.email-validation-reminder": "Make sure you've validated your email address before you make your first order (check your email inbox for the validation email).",
              "punchout.missing-details": "We're missing a couple of details",
              "punchout.oci-login-detected": "It looks like you're trying to log in with OCI (Open Cart Interface), which isn't supported.",
              "punchout.oci-support": "OCI support",
              "punchout.peppol-beta-support": "By placing an order, you're confirming you have the authority to do so.",
              "punchout.peppol-setup-pending": "Your technical team has received the details to set up Peppol Punchout, but it hasn't been setup yet.",
              "punchout.peppol-support-info": "Peppol Punchout beta support",
              "punchout.return-to-eprocurement": "Tilbake til innkjøpssystemet",
              "punchout.select-address": "Select your address",
              "purchased-recipes.meta.title": [
                "Dine kjøpte oppskrifter – ",
                ["siteName"]
              ],
              "purchased-recipes.no-results.description": "Vi samler oppskrifter du tidligere har kjøpt på denne siden for å gjøre det lett for deg å finne dem.",
              "purchased-recipes.no-results.title": "Du har ennå ikke kjøpt en oppskrift",
              "purchased-recipes.title": "Kjøpte oppskrifter",
              "read-more.toggler-text.read-less": "Les mindre",
              "read-more.toggler-text.read-more": "Les mer",
              "recipe-detail.actions.print": "Skriv ut oppskrift",
              "recipe-detail.actions.send-feedback": "Gi tilbakemelding",
              "recipe-detail.add-to-cart": "Legg til i handlekurven",
              "recipe-detail.groceries.change-button": "Endre",
              "recipe-detail.groceries.tags.basic-goods": "Basisvarer",
              "recipe-detail.groceries.title": "Produkter",
              "recipe-detail.ingredients.title": "Ingredienser",
              "recipe-detail.instructions.title": "Instruksjoner",
              "recipe-detail.meta.seo-keywords": "Instruksjoner og oppskrifter",
              "recipe-detail.number-of-portions": [
                [
                  "portions",
                  "plural",
                  {
                    "one": [["portions"], " porsjon"],
                    "other": [["portions"], " porsjoner"]
                  }
                ]
              ],
              "recipe-detail.photo-credit": "Foto:",
              "recipe-detail.portions": "Porsjoner",
              "recipe-detail.price-per-portion": [
                ["displayPricePerPortion"],
                " per porsjon"
              ],
              "recipe-detail.products.price.explanation": "Siden vi ikke kan selge mindre enn en hel ingrediens (f.eks. en halv ost), er dette prisen for alle varene du må kjøpe for å lage denne oppskriften – selv om du ikke ender opp med å bruke alt for denne retten.",
              "recipe-detail.remove-from-cart": "Fjern fra handlekurven",
              "recipe-detail.save-recipe": "Lagre",
              "recipe-list.heading": "Alle oppskrifter",
              "recipe-list.meta.descr": [
                "Alle oppskriftene til ",
                ["siteName"],
                " – her finner du oppskrifter for middag, pasta, supper, pizza, taco, vegetar osv. Sjekk alle oppskriftene nå!"
              ],
              "recipe-list.meta.title": [
                "Alle våre oppskrifter – ",
                ["siteName"]
              ],
              "recipe-plans.meta.descr": [
                "Se alle oppskrifter fra ",
                ["planTitle"],
                ". Et stort utvalg raske hverdagsmiddager fra ",
                ["siteName"],
                ". Velg oppskrift og legg ingrediensene i handlekurven med kun ett klikk!"
              ],
              "recipe-plans.meta.seo-keyword": "Oppskrifter",
              "recipe-tags.heading": "Kategorier",
              "recipe-tags.meta.descr": [
                "Sjekk alle oppskriftene fra kategorien ",
                ["0"],
                ". Sjekk alle de lekre oppskriftene fra ",
                ["siteName"],
                " og kjøp ingrediensene med ett klikk."
              ],
              "recipe-tags.meta.seo-keyword": "Oppskrifter",
              "recipes-page.button.browse-all": "Vis alle",
              "recipes-page.button.categories": "Kategorier",
              "recipes-page.button.last-orders": "Dine siste bestillinger",
              "recipes-page.button.saved-recipes": "Lagrede oppskrifter",
              "recipes-page.heading": "Hva vil du ha til middag?",
              "recipes-page.link.go-to-plan": "Se alle",
              "recipes-page.meta.descr": "Velg blant flere hundre sunne og enkle hverdagsmiddager. Alle fordelene til en matboks – bare mer fleksibel.",
              "recipes-page.meta.title": [
                "Kjøp oppskrifter og middager med ett klikk – ",
                ["siteName"]
              ],
              "recipes.breadcrumb": "Oppskrifter",
              "recipes.go-to-recipes": "Gå til oppskrifter",
              "recipes.provider.meta-description": [
                "Kjøp oppskrifter fra ",
                ["providerName"],
                " og resten av ukeshandelen med ett klikk!"
              ],
              "recipes.provider.meta-title": [
                "Oppskrifter fra ",
                ["providerName"],
                " - ",
                ["siteName"]
              ],
              "recipes.provider.provider-link": ["Gå til ", ["providerName"]],
              "recipes.saved.no-results": "Du har ikke lagret noen oppskrifter enda. Dette gjør du ved å trykke på \u003c0/\u003e!",
              "recipes.similar.title": "Lignende oppskrifter",
              "referral-landing-page.call-to-action-text": "Ta en titt på utvalget vårt, eller lag en konto for å begynne å handle.",
              "referral-landing-page.create-account-button": "Lag brukerkonto",
              "referral-landing-page.error.already_have_a_coupon.text": "Det ser ut til at du allerede har en rabatt på neste bestilling. Du kan bare bruke én rabatt om gangen.",
              "referral-landing-page.error.already_have_a_coupon.title": "Obs, én om gangen!",
              "referral-landing-page.error.already_made_an_order.text": "Du prøvde å legge til en velkomstrabatt, men du har allerede handlet hos oss! Vi tilbyr dessverre kun velkomstrabatt på den første bestillingen.",
              "referral-landing-page.error.already_made_an_order.title": "Du ser kjent ut!",
              "referral-landing-page.error.can_not_give_to_yourself.text": [
                "Deg kjenner vi jo allerede, så du blir nødt til å gi velkomstrabatten videre til noen som ikke er ",
                ["siteName"],
                "-kunde for å motta en ny rabatt."
              ],
              "referral-landing-page.error.can_not_give_to_yourself.title": "Godt forsøk!",
              "referral-landing-page.error.someone_in_your_houshold_already_got_a_discount.text": "Det ser ut til at noen andre i husholdningen din allerede har brukt velkomstrabatten, dessverre er det kun én rabatt per husholdning.",
              "referral-landing-page.error.someone_in_your_houshold_already_got_a_discount.title": "Noen var kjappere enn deg!",
              "referral-landing-page.explaining-text": [
                "Du kan få beløpet i rabatt på den første ",
                ["siteName"],
                "-bestillingen din. Handle for ",
                ["referralReceiverMinimumOrderAmount"],
                " eller mer, så trekker vi automatisk fra ",
                ["referralReceiverReward"],
                " i kassen."
              ],
              "referral-landing-page.go-shopping-button": "Handle nå",
              "referral-landing-page.header": [
                ["referralSenderFirstName"],
                " har gitt deg ",
                ["referralReceiverReward"],
                "!"
              ],
              "referral-landing-page.meta.title": [
                ["referralSenderFirstName"],
                " har gitt deg ",
                ["referralReceiverReward"],
                "!"
              ],
              "referral-landing-page.oda-info-button": [
                "Hvordan fungerer ",
                ["siteName"],
                "?"
              ],
              "register-business.email-validation-text": "Vennligst skriv en gyldig e-postadresse",
              "register-business.form.business-name.label": "Business Name",
              "register-business.form.contact-person.label": "Contact Person",
              "register-business.form.contact-phone.label": "Contact Phone",
              "register-business.form.contact.email.label": "Contact Persons e-mail",
              "register-business.header": "Refer business",
              "register-business.sending": "Sender...",
              "register-business.submit-button-text": "Register Business",
              "register-business.success-header-text": "Thank you for your help!",
              "register-business.success-info-text": "We intend to promptly initiate communication with the business you have referred.",
              "register-interest.duplicate-lead-error-text": "Denne e-posten er allerede på ventelisten vår",
              "register-interest.email-validation-text": "Vennligst oppgi en gyldig e-post",
              "register-interest.form.email.label": "E-post",
              "register-interest.form.first-name.label": "Fornavn",
              "register-interest.form.marketing-consent.label": "Ja, jeg vil motta nyheter, middagstips og kampanjer på e-post.",
              "register-interest.form.zip-code.label": "Postnummer",
              "register-interest.general-error-text": "Noe gikk galt, prøv igjen, eller kontakt oss via \u003c0\u003ee-post\u003c/0\u003e hvis problemet vedvarer",
              "register-interest.general-info-text": [
                "Du vil bli kontaktet på e-post når vi åpner for bestillinger til ditt område. Har du skrevet deg opp og ønsker å bli fjernet? Kontakt oss på \u003c0\u003e",
                ["emailAddress"],
                "\u003c/0\u003e, så hjelper vi deg. Les \u003c1\u003epersonvernerklæringen\u003c/1\u003e vår for mer informasjon."
              ],
              "register-interest.header": "Få beskjed når vi åpner for levering i ditt område",
              "register-interest.sending": "Sender...",
              "register-interest.submit-button-text": "Registrer meg",
              "register-interest.success-header-text": "Tusen takk for registreringen!",
              "register-interest.success-info-text": "Du får beskjed når vi åpner for levering i ditt område. Før den tid hadde det vært supert om du kunne bekreftet e-posten din. Det tar kun et par sekunder. Vi har sendt deg e-post som viser hvordan det gjøres.",
              "register-interest.success-privacy-text": [
                "Har du ikke mottatt e-post, eller ønsker du å bli fjernet fra listen? Gi oss beskjed på \u003c0\u003e",
                ["emailAddress"],
                "\u003c/0\u003e, så hjelper vi deg. Les \u003c1\u003epersonvernerklæringen\u003c/1\u003e vår for mer informasjon.Ha en fin dag!"
              ],
              "register-interest.zip-code.length-validation-text": "Må være nøyaktig 4 sifre",
              "register-interest.zip-code.numeric-validation-text": "Må være nøyaktig 4 sifre",
              "saved-recipes.heading": "Lagrede oppskrifter",
              "saved-recipes.meta.title": [
                "Dine lagrede oppskrifter – ",
                ["siteName"]
              ],
              "saved-recipes.no-results.description": "Du har ikke lagret noen oppskrifter enda. Dette gjør du ved å trykke på \u003c0/\u003e!",
              "saved-recipes.no-results.title": "Du har ennå ingen lagrede oppskrifter.",
              "search-bar-recipes.input-field.placeholder": "Søk i alle oppskriftene",
              "search-bar.button.label": "Søk",
              "search-bar.input-field.placeholder": "Søk",
              "search-bar.input-field.placeholder.mobile": "Søk",
              "search-bar.mobile-overlay.hide-search": "Skjul søk",
              "search-dropdown-results.all-results-button": "Se alle resultater",
              "search-dropdown.category-list.suggestion": [
                "\u003c0\u003e",
                ["defaultQueryParam"],
                "\u003c/0\u003e\u003c1/\u003e\u003c2\u003ei ",
                ["categoryName"],
                "\u003c/2\u003e"
              ],
              "search-dropdown.empty-search-result.label": [
                "Vi fant ingen resultater for «",
                ["query"],
                "»"
              ],
              "search-dropdown.empty-search-result.product-suggestion": "Send inn produktforslag",
              "search-dropdown.loading": "Søker …",
              "search-recipes-results.heading.description": [
                [
                  "recipesCount",
                  "plural",
                  {
                    "0": "Vi fant ingen oppskrifter som passer",
                    "one": [
                      "Vi fant ",
                      ["recipesCount"],
                      " oppskrift som passer"
                    ],
                    "other": [
                      "Vi fant ",
                      ["recipesCount"],
                      " oppskrifter som passer"
                    ]
                  }
                ]
              ],
              "search-recipes.page.metadata.description": "Søk etter og finn oppskrifter.",
              "search-recipes.page.metadata.title": [
                "Søk i oppskrifter – ",
                ["siteName"]
              ],
              "search-results.heading.description": [
                [
                  "productCount",
                  "plural",
                  {
                    "0": "Vi fant ingen resultater for",
                    "one": ["Vi fant ", ["productCount"], " resulter for"],
                    "other": ["Vi fant ", ["productCount"], " resultater for"]
                  }
                ]
              ],
              "search-results.products-link": "Varer",
              "search-results.recipes-link": "Oppskrifter",
              "search.clear.aria-label": "search.clear.aria-label",
              "search.page.metadata.description": "Søk etter og finn produkter.",
              "search.page.metadata.title": [
                "Søk i produkter – ",
                ["siteName"]
              ],
              "seasonal.page.title": "I sesong",
              "signup.organization-page.metadata.description": [
                "Lag en bedriftskonto på ",
                ["siteName"],
                " og få matvarer levert på arbeidsplassen din."
              ],
              "signup.organization-page.metadata.title": [
                "Opprett en konto – ",
                ["siteName"],
                " for bedrifter"
              ],
              "signup.page.metadata.description": [
                "Registrer deg hos nettbutikken ",
                ["siteName"],
                " og gå i gang med handlingen."
              ],
              "signup.page.metadata.title": ["Registrering – ", ["siteName"]],
              "slot-picker.available-slots-card.future-date-slots-cta": "Senere dager",
              "slot-picker.available-slots-card.previous-days-cta": "Tidligere dager",
              "slot-picker.available-slots-card.show-less-cta": "Vis mindre",
              "slot-picker.available-slots-card.show-more-cta": "Vis mer",
              "slot-picker.doorstep-delivery.driver-access-tip": "Merk! Sjåføren må kunne komme seg uassistert frem til døren for å levere på denne måten.",
              "slot-picker.limited-delivery-options": "Begrensede leveringsmuligheter",
              "slot-picker.searching-slots": "Finner leveringstider for denne adressen",
              "slot-picker.selecting-slot": "Reserverer tidspunkt",
              "slot-picker.slot-info-block.button.confirm": "Select slot",
              "slot-picker.slot-info-block.change-slot.button.confirm": "Gå til kassen",
              "slot-picker.slot-info-block.change-slot.title.information": "Gå til kassen for å bekrefte den nye leveringstiden",
              "slot-picker.slot-info-block.info.amount-saved": [
                "Save ",
                ["amountSaved"]
              ],
              "slot-picker.slot-info-block.title.desciption": "Shop for",
              "slot-picker.slot-info-block.title.information": "Delivery",
              "slot-picker.slot.title": "From",
              "survey.back-survey.cta": "Tilbake",
              "survey.back-to-store.cta": "Tilbake til butikken",
              "survey.close": "Lukk",
              "survey.continue-survey.cta": "Fortsett",
              "survey.referral-cta": [
                "Inviter en venn og få ",
                ["referralRewardAmount"]
              ],
              "tip.close": "Lukk",
              "two-factor-authentication-register.page.metadata.description": "Administrer 2FA-sikkerhetsenhetene dine.",
              "two-factor-authentication-register.page.metadata.title": [
                "2FA-sikkerhetsenheter – ",
                ["siteName"]
              ],
              "two-factor-authentication.page.metadata.description": "Bruk sikkerhetsenheten din til å starte autentisering.",
              "two-factor-authentication.page.metadata.title": [
                "Tofaktorautentisering – ",
                ["siteName"]
              ],
              "use-form-field.required-validation-text": "Dette feltet må fylles ut.",
              "user-survey.validation.select-an-option": "Vennligst velg et av alternativene ovenfor.",
              "user.account.beta.logout.button": "Logg ut",
              "user.account.beta.logout.text": "Vil du logge ut?",
              "user.account.invite.button.copy-link": "Kopier linken",
              "user.account.invite.button.link-copied": "Linken er kopiert",
              "user.account.invite.page.metadata.description": "Vis invitasjonskoden din",
              "user.account.invite.page.metadata.title": "Inviter venner",
              "user.account.invite.share-email": "Del via e-post",
              "user.account.invite.terms-link": "*Vilkår og betingelser gjelder",
              "user.account.invite.text.link-copied": "Kopiert",
              "users.complete-profile.incomplete.address_extra.label": "Oppgang / leilighet",
              "users.complete-profile.incomplete.birthdate.body": [
                ["siteName"],
                " har salgsbevilling for alkohol og er pålagt å registrere fødselsdatoen til alle brukere."
              ],
              "users.complete-profile.incomplete.birthdate.day": "Dato",
              "users.complete-profile.incomplete.birthdate.heading": "Fødselsdato",
              "users.complete-profile.incomplete.birthdate.month": "Måned",
              "users.complete-profile.incomplete.birthdate.placeholder.day": "DD",
              "users.complete-profile.incomplete.birthdate.placeholder.month": "MM",
              "users.complete-profile.incomplete.birthdate.placeholder.year": "ÅÅÅÅ",
              "users.complete-profile.incomplete.birthdate.year": "År",
              "users.complete-profile.incomplete.delivery-address.heading": "Leveringsadressen din",
              "users.complete-profile.incomplete.delivery-instructions.description": "Veibeskrivelse, fargen på døren din, eller andre nyttige instruksjoner",
              "users.complete-profile.incomplete.delivery-instructions.label": "Leveringsinstruksjoner",
              "users.complete-profile.incomplete.description": "For å kunne gjennomføre bestillingen er det bare et par ting vi trenger.",
              "users.complete-profile.incomplete.email-verify-body": [
                "Klikk på koblingen i e-posten vi har sendt til \u003c0\u003e",
                ["email"],
                "\u003c/0\u003e, så er alt klart. Hvis dette ikke er riktig e-post, kan du oppdatere den på profilen din. Har du ikke mottatt e-posten?"
              ],
              "users.complete-profile.incomplete.email-verify-resend-button": "Send e-post på nytt",
              "users.complete-profile.incomplete.email-verify-title": "Vi må sikre at vi har registrert riktig e-post på deg for å fullføre bestillingen din",
              "users.complete-profile.incomplete.form.button.cancel": "Avbryt",
              "users.complete-profile.incomplete.form.button.continue": "Fortsett",
              "users.complete-profile.incomplete.heading": "Hvor skal vi levere?",
              "users.complete-profile.incomplete.mobile.heading": "Mobilnummeret ditt",
              "users.complete-profile.incomplete.mobile.input.label": "Mobilnummer",
              "users.complete-profile.required-fields-missing": "Obligatoriske felt må fylles ut",
              "users.settings.coupons.coupon-excluded-products": "Gjelder ikke alkohol, tobakk og legemidler.",
              "users.settings.verification-link.already-verified.description": "Heisann! E-postadressen din er allerede verifisert, dette trenger du kun å gjøre én gang.",
              "users.settings.verification-link.already-verified.headline": "E-postadresse allerede verifisert",
              "users.settings.verification-link.close": "Lukk",
              "users.settings.verification-link.continue-to-front": "Fortsett til forsiden",
              "users.settings.verification-link.failed.description": "Heisann! Vi kunne ikke verifisere e-postadressen med denne linken. Linken er enten ugyldig, eller har allerede blitt brukt. Beklager det!",
              "users.settings.verification-link.failed.headline": "E-postverifisering feilet",
              "users.settings.verification-link.failed.send-again-button": "Send e-post på nytt",
              "users.settings.verification-link.title": "E-postverifisering",
              "users.settings.verification-link.verified.headline": "E-postadressen din er nå verifisert!",
              "verify-email-box.success": "E-posten din er bekreftet"
            }
          },
          "snowplowData": {
            "region": "eastern-norway",
            "language": "nb",
            "jurisdiction": "norway",
            "domainUserId": "cc8a035a-5760-4fba-807c-e31f3b6532da"
          },
          "initialHydratedState": {
            "mutations": [],
            "queries": [
              {
                "state": {
                  "data": {
                    "title": "megamenu_new",
                    "blocks": [
                      {
                        "title": "Popular",
                        "id": "megamenu-chips-block",
                        "component": "chip-group",
                        "chips": [
                          {
                            "id": "chip-new",
                            "component": "chip",
                            "title": "Nyheter",
                            "count": null,
                            "description": null,
                            "target": {
                              "resolvedPage": null,
                              "method": "push",
                              "title": "new",
                              "uri": "/no/products/news/"
                            },
                            "isCurrent": false,
                            "isParent": false,
                            "imageUri": "https://oda.com/static/img/app/icon-rays@3x.d40a8445515e.png",
                            "image": {
                              "uri": "https://oda.com/static/img/app/icon-rays@3x.d40a8445515e.png"
                            },
                            "iconName": "rays",
                            "trackingProperties": {
                              "location": "Megamenu",
                              "locationDetail": "Chips",
                              "locationId": null,
                              "locationType": null,
                              "listName": null,
                              "listId": null,
                              "listItemPosition": null,
                              "recipeListName": null,
                              "recipeListId": null,
                              "recipeListItemPosition": null,
                              "modelName": null,
                              "modelVariant": null,
                              "modelVersion": null,
                              "modelTimestamp": null,
                              "predictionVersion": null,
                              "predictionTimestamp": null,
                              "productCollection": null,
                              "purposeName": null,
                              "sourceUuid": null,
                              "builderSessionUuid": null,
                              "dinnerListContext": null,
                              "shoppingAssistantProperties": null,
                              "clickEvent": {
                                "elementType": "chips",
                                "action": "navigate_to",
                                "resourceType": "location",
                                "resourceValue": "New Products"
                              },
                              "bannerProperties": null,
                              "sponsoredProducts": null
                            }
                          },
                          {
                            "id": "chip-discounted",
                            "component": "chip",
                            "title": "Tilbud",
                            "count": null,
                            "description": null,
                            "target": {
                              "resolvedPage": null,
                              "method": "push",
                              "title": "discounts",
                              "uri": "/no/products/discounts/"
                            },
                            "isCurrent": false,
                            "isParent": false,
                            "imageUri": "https://oda.com/static/img/app/icon-seal@3x.026430a409b9.png",
                            "image": {
                              "uri": "https://oda.com/static/img/app/icon-seal@3x.026430a409b9.png"
                            },
                            "iconName": "seal",
                            "trackingProperties": {
                              "location": "Megamenu",
                              "locationDetail": "Chips",
                              "locationId": null,
                              "locationType": null,
                              "listName": null,
                              "listId": null,
                              "listItemPosition": null,
                              "recipeListName": null,
                              "recipeListId": null,
                              "recipeListItemPosition": null,
                              "modelName": null,
                              "modelVariant": null,
                              "modelVersion": null,
                              "modelTimestamp": null,
                              "predictionVersion": null,
                              "predictionTimestamp": null,
                              "productCollection": null,
                              "purposeName": null,
                              "sourceUuid": null,
                              "builderSessionUuid": null,
                              "dinnerListContext": null,
                              "shoppingAssistantProperties": null,
                              "clickEvent": {
                                "elementType": "chips",
                                "action": "navigate_to",
                                "resourceType": "location",
                                "resourceValue": "Discounts"
                              },
                              "bannerProperties": null,
                              "sponsoredProducts": null
                            }
                          },
                          {
                            "id": "chip-most-purchased",
                            "component": "chip",
                            "title": "Dine mest kjøpte varer",
                            "count": null,
                            "description": null,
                            "target": {
                              "resolvedPage": null,
                              "method": "push",
                              "title": "most-purchased",
                              "uri": "https://oda.com/no/products/most-purchased/"
                            },
                            "isCurrent": false,
                            "isParent": false,
                            "imageUri": "https://oda.com/static/img/app/icon-repeat@3x.c2cefefc12ef.png",
                            "image": {
                              "uri": "https://oda.com/static/img/app/icon-repeat@3x.c2cefefc12ef.png"
                            },
                            "iconName": "repeat",
                            "trackingProperties": {
                              "location": "Megamenu",
                              "locationDetail": "Chips",
                              "locationId": null,
                              "locationType": null,
                              "listName": null,
                              "listId": null,
                              "listItemPosition": null,
                              "recipeListName": null,
                              "recipeListId": null,
                              "recipeListItemPosition": null,
                              "modelName": null,
                              "modelVariant": null,
                              "modelVersion": null,
                              "modelTimestamp": null,
                              "predictionVersion": null,
                              "predictionTimestamp": null,
                              "productCollection": null,
                              "purposeName": null,
                              "sourceUuid": null,
                              "builderSessionUuid": null,
                              "dinnerListContext": null,
                              "shoppingAssistantProperties": null,
                              "clickEvent": {
                                "elementType": "chips",
                                "action": "navigate_to",
                                "resourceType": "location",
                                "resourceValue": "Most Purchased"
                              },
                              "bannerProperties": null,
                              "sponsoredProducts": null
                            }
                          },
                          {
                            "id": "chip-products",
                            "component": "chip",
                            "title": "Alle produkter",
                            "count": null,
                            "description": null,
                            "target": {
                              "resolvedPage": null,
                              "method": "push",
                              "title": "new",
                              "uri": "https://oda.com/no/products/"
                            },
                            "isCurrent": false,
                            "isParent": false,
                            "imageUri": "https://oda.com/static/img/svg/drikke.1bbc47490d3b.svg",
                            "image": {
                              "uri": "https://oda.com/static/img/svg/drikke.1bbc47490d3b.svg"
                            },
                            "iconName": "products",
                            "trackingProperties": {
                              "location": "Megamenu",
                              "locationDetail": "Chips",
                              "locationId": null,
                              "locationType": null,
                              "listName": null,
                              "listId": null,
                              "listItemPosition": null,
                              "recipeListName": null,
                              "recipeListId": null,
                              "recipeListItemPosition": null,
                              "modelName": null,
                              "modelVariant": null,
                              "modelVersion": null,
                              "modelTimestamp": null,
                              "predictionVersion": null,
                              "predictionTimestamp": null,
                              "productCollection": null,
                              "purposeName": null,
                              "sourceUuid": null,
                              "builderSessionUuid": null,
                              "dinnerListContext": null,
                              "shoppingAssistantProperties": null,
                              "clickEvent": {
                                "elementType": "chips",
                                "action": "navigate_to",
                                "resourceType": "location",
                                "resourceValue": "New Products"
                              },
                              "bannerProperties": null,
                              "sponsoredProducts": null
                            }
                          },
                          {
                            "id": "chip-giftcard",
                            "component": "chip",
                            "title": "Kjøp gavekort",
                            "count": null,
                            "description": null,
                            "target": {
                              "resolvedPage": null,
                              "method": "push",
                              "title": "giftcards",
                              "uri": "https://oda.com/no/giftcards/"
                            },
                            "isCurrent": false,
                            "isParent": false,
                            "imageUri": "https://oda.com/static/img/app/icon-gift@3x.e9d8ea32cb8b.png",
                            "image": {
                              "uri": "https://oda.com/static/img/app/icon-gift@3x.e9d8ea32cb8b.png"
                            },
                            "iconName": "giftcards",
                            "trackingProperties": {
                              "location": "Megamenu",
                              "locationDetail": "Chips",
                              "locationId": null,
                              "locationType": null,
                              "listName": null,
                              "listId": null,
                              "listItemPosition": null,
                              "recipeListName": null,
                              "recipeListId": null,
                              "recipeListItemPosition": null,
                              "modelName": null,
                              "modelVariant": null,
                              "modelVersion": null,
                              "modelTimestamp": null,
                              "predictionVersion": null,
                              "predictionTimestamp": null,
                              "productCollection": null,
                              "purposeName": null,
                              "sourceUuid": null,
                              "builderSessionUuid": null,
                              "dinnerListContext": null,
                              "shoppingAssistantProperties": null,
                              "clickEvent": {
                                "elementType": "chips",
                                "action": "navigate_to",
                                "resourceType": "location",
                                "resourceValue": "Giftcards"
                              },
                              "bannerProperties": null,
                              "sponsoredProducts": null
                            }
                          }
                        ]
                      },
                      {
                        "id": "megamenu-banners",
                        "title": "Presented by Oda",
                        "component": "flexible-grid",
                        "banners": [
                          {
                            "target": {
                              "resolvedPage": null,
                              "method": "push",
                              "title": "Bursdag",
                              "uri": "/no/categories/277-bursdag/"
                            },
                            "title": "Bursdag",
                            "trackingProperties": {
                              "location": "Megamenu",
                              "locationDetail": "Pinned Categories",
                              "locationId": null,
                              "locationType": null,
                              "listName": null,
                              "listId": null,
                              "listItemPosition": null,
                              "recipeListName": null,
                              "recipeListId": null,
                              "recipeListItemPosition": null,
                              "modelName": null,
                              "modelVariant": null,
                              "modelVersion": null,
                              "modelTimestamp": null,
                              "predictionVersion": null,
                              "predictionTimestamp": null,
                              "productCollection": null,
                              "purposeName": null,
                              "sourceUuid": null,
                              "builderSessionUuid": null,
                              "dinnerListContext": null,
                              "shoppingAssistantProperties": null,
                              "clickEvent": {
                                "elementType": "banner",
                                "action": "navigate_to",
                                "resourceType": "category",
                                "resourceValue": "277"
                              },
                              "bannerProperties": null,
                              "sponsoredProducts": null
                            },
                            "id": "category-277",
                            "component": "banner",
                            "image": {
                              "uri": "https://bilder.kolonial.no/pinned_categories/49e02323-b07a-433b-b187-17204d55ec8c.jpg?auto=format\u0026fit=crop\u0026h=690\u0026w=900\u0026s=03c037b20c36624465ef8a8d43f76336"
                            }
                          },
                          {
                            "target": {
                              "resolvedPage": null,
                              "method": "push",
                              "title": "Mathall",
                              "uri": "/no/categories/488-mathall/"
                            },
                            "title": "Mathall",
                            "trackingProperties": {
                              "location": "Megamenu",
                              "locationDetail": "Pinned Categories",
                              "locationId": null,
                              "locationType": null,
                              "listName": null,
                              "listId": null,
                              "listItemPosition": null,
                              "recipeListName": null,
                              "recipeListId": null,
                              "recipeListItemPosition": null,
                              "modelName": null,
                              "modelVariant": null,
                              "modelVersion": null,
                              "modelTimestamp": null,
                              "predictionVersion": null,
                              "predictionTimestamp": null,
                              "productCollection": null,
                              "purposeName": null,
                              "sourceUuid": null,
                              "builderSessionUuid": null,
                              "dinnerListContext": null,
                              "shoppingAssistantProperties": null,
                              "clickEvent": {
                                "elementType": "banner",
                                "action": "navigate_to",
                                "resourceType": "category",
                                "resourceValue": "488"
                              },
                              "bannerProperties": null,
                              "sponsoredProducts": null
                            },
                            "id": "category-488",
                            "component": "banner",
                            "image": {
                              "uri": "https://bilder.kolonial.no/pinned_categories/acbd1919-ae20-4cf3-8f7b-2917b4a013eb.jpg?auto=format\u0026fit=crop\u0026h=690\u0026w=900\u0026s=af62538404e1163c2acfe39ebaf2d390"
                            }
                          },
                          {
                            "target": {
                              "resolvedPage": null,
                              "method": "push",
                              "title": "Clas Ohlson",
                              "uri": "/no/categories/462-clas-ohlson/"
                            },
                            "title": "Clas Ohlson",
                            "trackingProperties": {
                              "location": "Megamenu",
                              "locationDetail": "Pinned Categories",
                              "locationId": null,
                              "locationType": null,
                              "listName": null,
                              "listId": null,
                              "listItemPosition": null,
                              "recipeListName": null,
                              "recipeListId": null,
                              "recipeListItemPosition": null,
                              "modelName": null,
                              "modelVariant": null,
                              "modelVersion": null,
                              "modelTimestamp": null,
                              "predictionVersion": null,
                              "predictionTimestamp": null,
                              "productCollection": null,
                              "purposeName": null,
                              "sourceUuid": null,
                              "builderSessionUuid": null,
                              "dinnerListContext": null,
                              "shoppingAssistantProperties": null,
                              "clickEvent": {
                                "elementType": "banner",
                                "action": "navigate_to",
                                "resourceType": "category",
                                "resourceValue": "462"
                              },
                              "bannerProperties": null,
                              "sponsoredProducts": null
                            },
                            "id": "category-462",
                            "component": "banner",
                            "image": {
                              "uri": "https://bilder.kolonial.no/pinned_categories/07c04660-ac5c-44f2-9d64-0d12898bfa5c.jpg?auto=format\u0026fit=crop\u0026h=690\u0026w=900\u0026s=0b3849367b94d0d4eb495ddfaab126a8"
                            }
                          },
                          {
                            "target": {
                              "resolvedPage": null,
                              "method": "push",
                              "title": "Sprell",
                              "uri": "/no/categories/564-sprell/"
                            },
                            "title": "Sprell",
                            "trackingProperties": {
                              "location": "Megamenu",
                              "locationDetail": "Pinned Categories",
                              "locationId": null,
                              "locationType": null,
                              "listName": null,
                              "listId": null,
                              "listItemPosition": null,
                              "recipeListName": null,
                              "recipeListId": null,
                              "recipeListItemPosition": null,
                              "modelName": null,
                              "modelVariant": null,
                              "modelVersion": null,
                              "modelTimestamp": null,
                              "predictionVersion": null,
                              "predictionTimestamp": null,
                              "productCollection": null,
                              "purposeName": null,
                              "sourceUuid": null,
                              "builderSessionUuid": null,
                              "dinnerListContext": null,
                              "shoppingAssistantProperties": null,
                              "clickEvent": {
                                "elementType": "banner",
                                "action": "navigate_to",
                                "resourceType": "category",
                                "resourceValue": "564"
                              },
                              "bannerProperties": null,
                              "sponsoredProducts": null
                            },
                            "id": "category-564",
                            "component": "banner",
                            "image": {
                              "uri": "https://bilder.kolonial.no/pinned_categories/77ed0edd-3df9-4595-b8ac-a8d16e7e3566.jpg?auto=format\u0026fit=crop\u0026h=690\u0026w=900\u0026s=00329dcedbec980f3b0dda0de7506c35"
                            }
                          },
                          {
                            "target": {
                              "resolvedPage": null,
                              "method": "push",
                              "title": "ARK",
                              "uri": "/no/categories/1416-ark/"
                            },
                            "title": "ARK",
                            "trackingProperties": {
                              "location": "Megamenu",
                              "locationDetail": "Pinned Categories",
                              "locationId": null,
                              "locationType": null,
                              "listName": null,
                              "listId": null,
                              "listItemPosition": null,
                              "recipeListName": null,
                              "recipeListId": null,
                              "recipeListItemPosition": null,
                              "modelName": null,
                              "modelVariant": null,
                              "modelVersion": null,
                              "modelTimestamp": null,
                              "predictionVersion": null,
                              "predictionTimestamp": null,
                              "productCollection": null,
                              "purposeName": null,
                              "sourceUuid": null,
                              "builderSessionUuid": null,
                              "dinnerListContext": null,
                              "shoppingAssistantProperties": null,
                              "clickEvent": {
                                "elementType": "banner",
                                "action": "navigate_to",
                                "resourceType": "category",
                                "resourceValue": "1416"
                              },
                              "bannerProperties": null,
                              "sponsoredProducts": null
                            },
                            "id": "category-1416",
                            "component": "banner",
                            "image": {
                              "uri": "https://bilder.kolonial.no/pinned_categories/2bc8d85b-5571-4379-82c9-57af19e5ac5a.jpg?auto=format\u0026fit=crop\u0026h=690\u0026w=900\u0026s=8e5aae1f1773e69d371630647e8841ce"
                            }
                          },
                          {
                            "target": {
                              "resolvedPage": null,
                              "method": "push",
                              "title": "Oda XL - kjøp stort, spar mer",
                              "uri": "/no/categories/2928-oda-xl-kjop-stort-spar-mer/"
                            },
                            "title": "Oda XL - kjøp stort, spar mer",
                            "trackingProperties": {
                              "location": "Megamenu",
                              "locationDetail": "Pinned Categories",
                              "locationId": null,
                              "locationType": null,
                              "listName": null,
                              "listId": null,
                              "listItemPosition": null,
                              "recipeListName": null,
                              "recipeListId": null,
                              "recipeListItemPosition": null,
                              "modelName": null,
                              "modelVariant": null,
                              "modelVersion": null,
                              "modelTimestamp": null,
                              "predictionVersion": null,
                              "predictionTimestamp": null,
                              "productCollection": null,
                              "purposeName": null,
                              "sourceUuid": null,
                              "builderSessionUuid": null,
                              "dinnerListContext": null,
                              "shoppingAssistantProperties": null,
                              "clickEvent": {
                                "elementType": "banner",
                                "action": "navigate_to",
                                "resourceType": "category",
                                "resourceValue": "2928"
                              },
                              "bannerProperties": null,
                              "sponsoredProducts": null
                            },
                            "id": "category-2928",
                            "component": "banner",
                            "image": {
                              "uri": "https://bilder.kolonial.no/pinned_categories/4d6bbc88-eb74-4f25-8372-f35337b75c31.jpg?auto=format\u0026fit=crop\u0026h=690\u0026w=900\u0026s=08400d35e1cdbf179722d1cebacf5f3e"
                            }
                          },
                          {
                            "target": {
                              "resolvedPage": null,
                              "method": "push",
                              "title": "Blomster og planter",
                              "uri": "/no/categories/401-blomster-og-planter/"
                            },
                            "title": "Blomster og planter",
                            "trackingProperties": {
                              "location": "Megamenu",
                              "locationDetail": "Pinned Categories",
                              "locationId": null,
                              "locationType": null,
                              "listName": null,
                              "listId": null,
                              "listItemPosition": null,
                              "recipeListName": null,
                              "recipeListId": null,
                              "recipeListItemPosition": null,
                              "modelName": null,
                              "modelVariant": null,
                              "modelVersion": null,
                              "modelTimestamp": null,
                              "predictionVersion": null,
                              "predictionTimestamp": null,
                              "productCollection": null,
                              "purposeName": null,
                              "sourceUuid": null,
                              "builderSessionUuid": null,
                              "dinnerListContext": null,
                              "shoppingAssistantProperties": null,
                              "clickEvent": {
                                "elementType": "banner",
                                "action": "navigate_to",
                                "resourceType": "category",
                                "resourceValue": "401"
                              },
                              "bannerProperties": null,
                              "sponsoredProducts": null
                            },
                            "id": "category-401",
                            "component": "banner",
                            "image": {
                              "uri": "https://bilder.kolonial.no/pinned_categories/d365d2d2-4c71-41f4-b4f0-1af9793dee54.jpg?auto=format\u0026fit=crop\u0026h=690\u0026w=900\u0026s=7c217af5ea9a47fd6a3a5df0bc73d147"
                            }
                          }
                        ],
                        "trackingProperties": {
                          "location": "Megamenu",
                          "locationDetail": "Pinned Categories",
                          "locationId": null,
                          "locationType": null,
                          "listName": null,
                          "listId": null,
                          "listItemPosition": null,
                          "recipeListName": null,
                          "recipeListId": null,
                          "recipeListItemPosition": null,
                          "modelName": null,
                          "modelVariant": null,
                          "modelVersion": null,
                          "modelTimestamp": null,
                          "predictionVersion": null,
                          "predictionTimestamp": null,
                          "productCollection": null,
                          "purposeName": null,
                          "sourceUuid": null,
                          "builderSessionUuid": null,
                          "dinnerListContext": null,
                          "shoppingAssistantProperties": null,
                          "clickEvent": null,
                          "bannerProperties": null,
                          "sponsoredProducts": null
                        }
                      },
                      {
                        "id": "megamenu-category-blocks",
                        "component": "list",
                        "title": "Kategorier",
                        "products": null,
                        "description": null,
                        "trackingProperties": null,
                        "button": null,
                        "banner": null,
                        "isSponsorLabeled": null,
                        "isProductTile": null,
                        "items": [
                          {
                            "type": "list-item",
                            "data": {
                              "id": "20",
                              "title": "Frukt og grønt",
                              "target": {
                                "resolvedPage": null,
                                "uri": "https://oda.com/no/categories/20-frukt-og-gront/",
                                "method": "push"
                              },
                              "images": [],
                              "description": null,
                              "totalItems": "576",
                              "totalPrice": null,
                              "trackingProperties": {
                                "location": "Megamenu",
                                "locationDetail": "Categories",
                                "locationId": null,
                                "locationType": null,
                                "listName": null,
                                "listId": null,
                                "listItemPosition": null,
                                "recipeListName": null,
                                "recipeListId": null,
                                "recipeListItemPosition": null,
                                "modelName": null,
                                "modelVariant": null,
                                "modelVersion": null,
                                "modelTimestamp": null,
                                "predictionVersion": null,
                                "predictionTimestamp": null,
                                "productCollection": null,
                                "purposeName": null,
                                "sourceUuid": null,
                                "builderSessionUuid": null,
                                "dinnerListContext": null,
                                "shoppingAssistantProperties": null,
                                "clickEvent": {
                                  "elementType": "list_item",
                                  "action": "navigate_to",
                                  "resourceType": "category",
                                  "resourceValue": "20"
                                },
                                "bannerProperties": null,
                                "sponsoredProducts": null
                              },
                              "isPromoted": null,
                              "leadingImage": {
                                "large": {
                                  "url": "https://bilder.kolonial.no/produkter/4ba60b0c-7b2f-43bb-8883-5732108cbdd6.jpg?auto=format\u0026fit=max\u0026w=1000\u0026s=f6b4fe5b23a2a0bb27f3214876a80ef7",
                                  "width": 3066,
                                  "height": 2208
                                },
                                "thumbnail": {
                                  "url": "https://bilder.kolonial.no/produkter/4ba60b0c-7b2f-43bb-8883-5732108cbdd6.jpg?auto=format\u0026fit=max\u0026w=100\u0026s=878f9f0b6fee6b949920d413fae5db0c",
                                  "width": 3066,
                                  "height": 2208
                                },
                                "thumbnailTransparentBg": null,
                                "variant": "main"
                              }
                            }
                          },
                          {
                            "type": "list-item",
                            "data": {
                              "id": "1135",
                              "title": "Bakeri og konditori",
                              "target": {
                                "resolvedPage": null,
                                "uri": "https://oda.com/no/categories/1135-bakeri-og-konditori/",
                                "method": "push"
                              },
                              "images": [],
                              "description": null,
                              "totalItems": "328",
                              "totalPrice": null,
                              "trackingProperties": {
                                "location": "Megamenu",
                                "locationDetail": "Categories",
                                "locationId": null,
                                "locationType": null,
                                "listName": null,
                                "listId": null,
                                "listItemPosition": null,
                                "recipeListName": null,
                                "recipeListId": null,
                                "recipeListItemPosition": null,
                                "modelName": null,
                                "modelVariant": null,
                                "modelVersion": null,
                                "modelTimestamp": null,
                                "predictionVersion": null,
                                "predictionTimestamp": null,
                                "productCollection": null,
                                "purposeName": null,
                                "sourceUuid": null,
                                "builderSessionUuid": null,
                                "dinnerListContext": null,
                                "shoppingAssistantProperties": null,
                                "clickEvent": {
                                  "elementType": "list_item",
                                  "action": "navigate_to",
                                  "resourceType": "category",
                                  "resourceValue": "1135"
                                },
                                "bannerProperties": null,
                                "sponsoredProducts": null
                              },
                              "isPromoted": null,
                              "leadingImage": {
                                "large": {
                                  "url": "https://bilder.kolonial.no/local_products/39a7e71f-ca12-46e5-9c6e-cde67b852f31.jpg?auto=format\u0026fit=max\u0026w=1000\u0026s=e7ae4df286460c6dc927cefe0f67d029",
                                  "width": 1370,
                                  "height": 1297
                                },
                                "thumbnail": {
                                  "url": "https://bilder.kolonial.no/local_products/39a7e71f-ca12-46e5-9c6e-cde67b852f31.jpg?auto=format\u0026fit=max\u0026w=100\u0026s=e87b5068b742bf09c741d214d61c371d",
                                  "width": 1370,
                                  "height": 1297
                                },
                                "thumbnailTransparentBg": null,
                                "variant": "main"
                              }
                            }
                          },
                          {
                            "type": "list-item",
                            "data": {
                              "id": "1044",
                              "title": "Frokostblandinger og müsli",
                              "target": {
                                "resolvedPage": null,
                                "uri": "https://oda.com/no/categories/1044-frokostblandinger-og-musli/",
                                "method": "push"
                              },
                              "images": [],
                              "description": null,
                              "totalItems": "73",
                              "totalPrice": null,
                              "trackingProperties": {
                                "location": "Megamenu",
                                "locationDetail": "Categories",
                                "locationId": null,
                                "locationType": null,
                                "listName": null,
                                "listId": null,
                                "listItemPosition": null,
                                "recipeListName": null,
                                "recipeListId": null,
                                "recipeListItemPosition": null,
                                "modelName": null,
                                "modelVariant": null,
                                "modelVersion": null,
                                "modelTimestamp": null,
                                "predictionVersion": null,
                                "predictionTimestamp": null,
                                "productCollection": null,
                                "purposeName": null,
                                "sourceUuid": null,
                                "builderSessionUuid": null,
                                "dinnerListContext": null,
                                "shoppingAssistantProperties": null,
                                "clickEvent": {
                                  "elementType": "list_item",
                                  "action": "navigate_to",
                                  "resourceType": "category",
                                  "resourceValue": "1044"
                                },
                                "bannerProperties": null,
                                "sponsoredProducts": null
                              },
                              "isPromoted": null,
                              "leadingImage": {
                                "large": {
                                  "url": "https://bilder.kolonial.no/local_products/1988a74f-4132-47ab-8660-9cdd52e2af4a.jpg?auto=format\u0026fit=max\u0026w=483\u0026s=4864cd2e94ecc5b23425ab4049848780",
                                  "width": 483,
                                  "height": 752
                                },
                                "thumbnail": {
                                  "url": "https://bilder.kolonial.no/local_products/1988a74f-4132-47ab-8660-9cdd52e2af4a.jpg?auto=format\u0026fit=max\u0026w=64\u0026s=7dc866cfe0e73e588e799fe88c88eca9",
                                  "width": 483,
                                  "height": 752
                                },
                                "thumbnailTransparentBg": null,
                                "variant": "main"
                              }
                            }
                          },
                          {
                            "type": "list-item",
                            "data": {
                              "id": "1283",
                              "title": "Meieri, ost og egg",
                              "target": {
                                "resolvedPage": null,
                                "uri": "https://oda.com/no/categories/1283-meieri-ost-og-egg/",
                                "method": "push"
                              },
                              "images": [],
                              "description": null,
                              "totalItems": "610",
                              "totalPrice": null,
                              "trackingProperties": {
                                "location": "Megamenu",
                                "locationDetail": "Categories",
                                "locationId": null,
                                "locationType": null,
                                "listName": null,
                                "listId": null,
                                "listItemPosition": null,
                                "recipeListName": null,
                                "recipeListId": null,
                                "recipeListItemPosition": null,
                                "modelName": null,
                                "modelVariant": null,
                                "modelVersion": null,
                                "modelTimestamp": null,
                                "predictionVersion": null,
                                "predictionTimestamp": null,
                                "productCollection": null,
                                "purposeName": null,
                                "sourceUuid": null,
                                "builderSessionUuid": null,
                                "dinnerListContext": null,
                                "shoppingAssistantProperties": null,
                                "clickEvent": {
                                  "elementType": "list_item",
                                  "action": "navigate_to",
                                  "resourceType": "category",
                                  "resourceValue": "1283"
                                },
                                "bannerProperties": null,
                                "sponsoredProducts": null
                              },
                              "isPromoted": null,
                              "leadingImage": {
                                "large": {
                                  "url": "https://bilder.kolonial.no/local_products/8abc659d-1340-411f-b4e8-b236a3054b39.jpg?auto=format\u0026fit=max\u0026w=341\u0026s=e010f22b9f7fcb2005090e23dae9417e",
                                  "width": 2382,
                                  "height": 6984
                                },
                                "thumbnail": {
                                  "url": "https://bilder.kolonial.no/local_products/8abc659d-1340-411f-b4e8-b236a3054b39.jpg?auto=format\u0026fit=max\u0026w=34\u0026s=027f25b80abb50d63d72168e8d4983b4",
                                  "width": 2382,
                                  "height": 6984
                                },
                                "thumbnailTransparentBg": null,
                                "variant": "main"
                              }
                            }
                          },
                          {
                            "type": "list-item",
                            "data": {
                              "id": "2872",
                              "title": "Plantebasert",
                              "target": {
                                "resolvedPage": null,
                                "uri": "https://oda.com/no/categories/2872-plantebasert/",
                                "method": "push"
                              },
                              "images": [],
                              "description": null,
                              "totalItems": "150",
                              "totalPrice": null,
                              "trackingProperties": {
                                "location": "Megamenu",
                                "locationDetail": "Categories",
                                "locationId": null,
                                "locationType": null,
                                "listName": null,
                                "listId": null,
                                "listItemPosition": null,
                                "recipeListName": null,
                                "recipeListId": null,
                                "recipeListItemPosition": null,
                                "modelName": null,
                                "modelVariant": null,
                                "modelVersion": null,
                                "modelTimestamp": null,
                                "predictionVersion": null,
                                "predictionTimestamp": null,
                                "productCollection": null,
                                "purposeName": null,
                                "sourceUuid": null,
                                "builderSessionUuid": null,
                                "dinnerListContext": null,
                                "shoppingAssistantProperties": null,
                                "clickEvent": {
                                  "elementType": "list_item",
                                  "action": "navigate_to",
                                  "resourceType": "category",
                                  "resourceValue": "2872"
                                },
                                "bannerProperties": null,
                                "sponsoredProducts": null
                              },
                              "isPromoted": null,
                              "leadingImage": {
                                "large": {
                                  "url": "https://bilder.kolonial.no/local_products/e839b06d-a862-47ac-a464-0195f661aa6e.jpg?auto=format\u0026fit=max\u0026w=243\u0026s=ebd132e89295b02abcb5ea190171a537",
                                  "width": 243,
                                  "height": 752
                                },
                                "thumbnail": {
                                  "url": "https://bilder.kolonial.no/local_products/e839b06d-a862-47ac-a464-0195f661aa6e.jpg?auto=format\u0026fit=max\u0026w=32\u0026s=9200e97cb43a79aee5abaf00ec880c52",
                                  "width": 243,
                                  "height": 752
                                },
                                "thumbnailTransparentBg": null,
                                "variant": "main"
                              }
                            }
                          },
                          {
                            "type": "list-item",
                            "data": {
                              "id": "26",
                              "title": "Kylling og kjøtt",
                              "target": {
                                "resolvedPage": null,
                                "uri": "https://oda.com/no/categories/26-kylling-og-kjott/",
                                "method": "push"
                              },
                              "images": [],
                              "description": null,
                              "totalItems": "351",
                              "totalPrice": null,
                              "trackingProperties": {
                                "location": "Megamenu",
                                "locationDetail": "Categories",
                                "locationId": null,
                                "locationType": null,
                                "listName": null,
                                "listId": null,
                                "listItemPosition": null,
                                "recipeListName": null,
                                "recipeListId": null,
                                "recipeListItemPosition": null,
                                "modelName": null,
                                "modelVariant": null,
                                "modelVersion": null,
                                "modelTimestamp": null,
                                "predictionVersion": null,
                                "predictionTimestamp": null,
                                "productCollection": null,
                                "purposeName": null,
                                "sourceUuid": null,
                                "builderSessionUuid": null,
                                "dinnerListContext": null,
                                "shoppingAssistantProperties": null,
                                "clickEvent": {
                                  "elementType": "list_item",
                                  "action": "navigate_to",
                                  "resourceType": "category",
                                  "resourceValue": "26"
                                },
                                "bannerProperties": null,
                                "sponsoredProducts": null
                              },
                              "isPromoted": null,
                              "leadingImage": {
                                "large": {
                                  "url": "https://bilder.kolonial.no/produkter/a3e778fa-0b59-4553-9375-ec5e7fcb424f.jpeg?auto=format\u0026fit=max\u0026w=1000\u0026s=c0c776f2eb9f9c45d27e47f84019841e",
                                  "width": 5770,
                                  "height": 2886
                                },
                                "thumbnail": {
                                  "url": "https://bilder.kolonial.no/produkter/a3e778fa-0b59-4553-9375-ec5e7fcb424f.jpeg?auto=format\u0026fit=max\u0026w=100\u0026s=557d6a0eb58a395e62a062c7147b1d25",
                                  "width": 5770,
                                  "height": 2886
                                },
                                "thumbnailTransparentBg": null,
                                "variant": "main"
                              }
                            }
                          },
                          {
                            "type": "list-item",
                            "data": {
                              "id": "283",
                              "title": "Fisk og sjømat",
                              "target": {
                                "resolvedPage": null,
                                "uri": "https://oda.com/no/categories/283-fisk-og-sjomat/",
                                "method": "push"
                              },
                              "images": [],
                              "description": null,
                              "totalItems": "166",
                              "totalPrice": null,
                              "trackingProperties": {
                                "location": "Megamenu",
                                "locationDetail": "Categories",
                                "locationId": null,
                                "locationType": null,
                                "listName": null,
                                "listId": null,
                                "listItemPosition": null,
                                "recipeListName": null,
                                "recipeListId": null,
                                "recipeListItemPosition": null,
                                "modelName": null,
                                "modelVariant": null,
                                "modelVersion": null,
                                "modelTimestamp": null,
                                "predictionVersion": null,
                                "predictionTimestamp": null,
                                "productCollection": null,
                                "purposeName": null,
                                "sourceUuid": null,
                                "builderSessionUuid": null,
                                "dinnerListContext": null,
                                "shoppingAssistantProperties": null,
                                "clickEvent": {
                                  "elementType": "list_item",
                                  "action": "navigate_to",
                                  "resourceType": "category",
                                  "resourceValue": "283"
                                },
                                "bannerProperties": null,
                                "sponsoredProducts": null
                              },
                              "isPromoted": null,
                              "leadingImage": {
                                "large": {
                                  "url": "https://bilder.kolonial.no/produkter/c9825e8a-500a-4d5d-b049-37f2440706f9.jpg?auto=format\u0026fit=max\u0026w=1000\u0026s=065d944e73383cdf38d9286e7df40ecd",
                                  "width": 3624,
                                  "height": 2626
                                },
                                "thumbnail": {
                                  "url": "https://bilder.kolonial.no/produkter/c9825e8a-500a-4d5d-b049-37f2440706f9.jpg?auto=format\u0026fit=max\u0026w=100\u0026s=8ff825784a8706f11a84b083e3c9c49d",
                                  "width": 3624,
                                  "height": 2626
                                },
                                "thumbnailTransparentBg": null,
                                "variant": "main"
                              }
                            }
                          },
                          {
                            "type": "list-item",
                            "data": {
                              "id": "1347",
                              "title": "Restauranter",
                              "target": {
                                "resolvedPage": null,
                                "uri": "https://oda.com/no/categories/1347-restaurant/",
                                "method": "push"
                              },
                              "images": [],
                              "description": null,
                              "totalItems": "23",
                              "totalPrice": null,
                              "trackingProperties": {
                                "location": "Megamenu",
                                "locationDetail": "Categories",
                                "locationId": null,
                                "locationType": null,
                                "listName": null,
                                "listId": null,
                                "listItemPosition": null,
                                "recipeListName": null,
                                "recipeListId": null,
                                "recipeListItemPosition": null,
                                "modelName": null,
                                "modelVariant": null,
                                "modelVersion": null,
                                "modelTimestamp": null,
                                "predictionVersion": null,
                                "predictionTimestamp": null,
                                "productCollection": null,
                                "purposeName": null,
                                "sourceUuid": null,
                                "builderSessionUuid": null,
                                "dinnerListContext": null,
                                "shoppingAssistantProperties": null,
                                "clickEvent": {
                                  "elementType": "list_item",
                                  "action": "navigate_to",
                                  "resourceType": "category",
                                  "resourceValue": "1347"
                                },
                                "bannerProperties": null,
                                "sponsoredProducts": null
                              },
                              "isPromoted": null,
                              "leadingImage": {
                                "large": {
                                  "url": "https://bilder.kolonial.no/produkter/9574a983-8d13-4443-8ca9-9b96407f6a08.jpg?auto=format\u0026fit=max\u0026w=795\u0026s=4c968c0bdd281908d72574673aa3763e",
                                  "width": 2933,
                                  "height": 3687
                                },
                                "thumbnail": {
                                  "url": "https://bilder.kolonial.no/produkter/9574a983-8d13-4443-8ca9-9b96407f6a08.jpg?auto=format\u0026fit=max\u0026w=80\u0026s=11bfa6c041ee8b17a42ad52ffebd9be4",
                                  "width": 2933,
                                  "height": 3687
                                },
                                "thumbnailTransparentBg": null,
                                "variant": "main"
                              }
                            }
                          },
                          {
                            "type": "list-item",
                            "data": {
                              "id": "42",
                              "title": "Pålegg",
                              "target": {
                                "resolvedPage": null,
                                "uri": "https://oda.com/no/categories/42-palegg/",
                                "method": "push"
                              },
                              "images": [],
                              "description": null,
                              "totalItems": "630",
                              "totalPrice": null,
                              "trackingProperties": {
                                "location": "Megamenu",
                                "locationDetail": "Categories",
                                "locationId": null,
                                "locationType": null,
                                "listName": null,
                                "listId": null,
                                "listItemPosition": null,
                                "recipeListName": null,
                                "recipeListId": null,
                                "recipeListItemPosition": null,
                                "modelName": null,
                                "modelVariant": null,
                                "modelVersion": null,
                                "modelTimestamp": null,
                                "predictionVersion": null,
                                "predictionTimestamp": null,
                                "productCollection": null,
                                "purposeName": null,
                                "sourceUuid": null,
                                "builderSessionUuid": null,
                                "dinnerListContext": null,
                                "shoppingAssistantProperties": null,
                                "clickEvent": {
                                  "elementType": "list_item",
                                  "action": "navigate_to",
                                  "resourceType": "category",
                                  "resourceValue": "42"
                                },
                                "bannerProperties": null,
                                "sponsoredProducts": null
                              },
                              "isPromoted": null,
                              "leadingImage": {
                                "large": {
                                  "url": "https://bilder.kolonial.no/local_products/cb233a49-d41d-442e-b1f0-8e7d7704ba44.jpg?auto=format\u0026fit=max\u0026w=752\u0026s=961e6702db63e100acb8cc202d3ef09f",
                                  "width": 752,
                                  "height": 437
                                },
                                "thumbnail": {
                                  "url": "https://bilder.kolonial.no/local_products/cb233a49-d41d-442e-b1f0-8e7d7704ba44.jpg?auto=format\u0026fit=max\u0026w=100\u0026s=95330be0eedb1570b3c4156f2f2fe35e",
                                  "width": 752,
                                  "height": 437
                                },
                                "thumbnailTransparentBg": null,
                                "variant": "main"
                              }
                            }
                          },
                          {
                            "type": "list-item",
                            "data": {
                              "id": "32",
                              "title": "Middager og tilbehør",
                              "target": {
                                "resolvedPage": null,
                                "uri": "https://oda.com/no/categories/32-middager-og-tilbehor/",
                                "method": "push"
                              },
                              "images": [],
                              "description": null,
                              "totalItems": "1240",
                              "totalPrice": null,
                              "trackingProperties": {
                                "location": "Megamenu",
                                "locationDetail": "Categories",
                                "locationId": null,
                                "locationType": null,
                                "listName": null,
                                "listId": null,
                                "listItemPosition": null,
                                "recipeListName": null,
                                "recipeListId": null,
                                "recipeListItemPosition": null,
                                "modelName": null,
                                "modelVariant": null,
                                "modelVersion": null,
                                "modelTimestamp": null,
                                "predictionVersion": null,
                                "predictionTimestamp": null,
                                "productCollection": null,
                                "purposeName": null,
                                "sourceUuid": null,
                                "builderSessionUuid": null,
                                "dinnerListContext": null,
                                "shoppingAssistantProperties": null,
                                "clickEvent": {
                                  "elementType": "list_item",
                                  "action": "navigate_to",
                                  "resourceType": "category",
                                  "resourceValue": "32"
                                },
                                "bannerProperties": null,
                                "sponsoredProducts": null
                              },
                              "isPromoted": null,
                              "leadingImage": {
                                "large": {
                                  "url": "https://bilder.kolonial.no/produkter/2cbe5b67-0248-4ce9-bd95-ed63c6d13e19.jpg?auto=format\u0026fit=max\u0026w=1000\u0026s=aeb1564b555f74393b88ca3551dc8f74",
                                  "width": 2400,
                                  "height": 2400
                                },
                                "thumbnail": {
                                  "url": "https://bilder.kolonial.no/produkter/2cbe5b67-0248-4ce9-bd95-ed63c6d13e19.jpg?auto=format\u0026fit=max\u0026w=100\u0026s=21684709bb6c5b75026737ca5ec22855",
                                  "width": 2400,
                                  "height": 2400
                                },
                                "thumbnailTransparentBg": null,
                                "variant": "main"
                              }
                            }
                          },
                          {
                            "type": "list-item",
                            "data": {
                              "id": "60",
                              "title": "Drikke",
                              "target": {
                                "resolvedPage": null,
                                "uri": "https://oda.com/no/categories/60-drikke/",
                                "method": "push"
                              },
                              "images": [],
                              "description": null,
                              "totalItems": "903",
                              "totalPrice": null,
                              "trackingProperties": {
                                "location": "Megamenu",
                                "locationDetail": "Categories",
                                "locationId": null,
                                "locationType": null,
                                "listName": null,
                                "listId": null,
                                "listItemPosition": null,
                                "recipeListName": null,
                                "recipeListId": null,
                                "recipeListItemPosition": null,
                                "modelName": null,
                                "modelVariant": null,
                                "modelVersion": null,
                                "modelTimestamp": null,
                                "predictionVersion": null,
                                "predictionTimestamp": null,
                                "productCollection": null,
                                "purposeName": null,
                                "sourceUuid": null,
                                "builderSessionUuid": null,
                                "dinnerListContext": null,
                                "shoppingAssistantProperties": null,
                                "clickEvent": {
                                  "elementType": "list_item",
                                  "action": "navigate_to",
                                  "resourceType": "category",
                                  "resourceValue": "60"
                                },
                                "bannerProperties": null,
                                "sponsoredProducts": null
                              },
                              "isPromoted": null,
                              "leadingImage": {
                                "large": {
                                  "url": "https://bilder.kolonial.no/local_products/101eb47f-8e7c-46cf-b2c1-92cc7e3f67ff.jpg?auto=format\u0026fit=max\u0026w=1000\u0026s=7512c6f6c84504b7f7b0ac5514d87504",
                                  "width": 5949,
                                  "height": 4653
                                },
                                "thumbnail": {
                                  "url": "https://bilder.kolonial.no/local_products/101eb47f-8e7c-46cf-b2c1-92cc7e3f67ff.jpg?auto=format\u0026fit=max\u0026w=100\u0026s=68204fbfdbae471ea46666473efe82e4",
                                  "width": 5949,
                                  "height": 4653
                                },
                                "thumbnailTransparentBg": null,
                                "variant": "main"
                              }
                            }
                          },
                          {
                            "type": "list-item",
                            "data": {
                              "id": "15",
                              "title": "Bakeingredienser",
                              "target": {
                                "resolvedPage": null,
                                "uri": "https://oda.com/no/categories/15-bakeingredienser/",
                                "method": "push"
                              },
                              "images": [],
                              "description": null,
                              "totalItems": "261",
                              "totalPrice": null,
                              "trackingProperties": {
                                "location": "Megamenu",
                                "locationDetail": "Categories",
                                "locationId": null,
                                "locationType": null,
                                "listName": null,
                                "listId": null,
                                "listItemPosition": null,
                                "recipeListName": null,
                                "recipeListId": null,
                                "recipeListItemPosition": null,
                                "modelName": null,
                                "modelVariant": null,
                                "modelVersion": null,
                                "modelTimestamp": null,
                                "predictionVersion": null,
                                "predictionTimestamp": null,
                                "productCollection": null,
                                "purposeName": null,
                                "sourceUuid": null,
                                "builderSessionUuid": null,
                                "dinnerListContext": null,
                                "shoppingAssistantProperties": null,
                                "clickEvent": {
                                  "elementType": "list_item",
                                  "action": "navigate_to",
                                  "resourceType": "category",
                                  "resourceValue": "15"
                                },
                                "bannerProperties": null,
                                "sponsoredProducts": null
                              },
                              "isPromoted": null,
                              "leadingImage": {
                                "large": {
                                  "url": "https://bilder.kolonial.no/local_products/e5c5f72f-9db2-4c3c-8f0e-51604521830a.jpeg?auto=format\u0026fit=max\u0026w=233\u0026s=80d0be582ac0753d0ddf6e1c15c27cae",
                                  "width": 233,
                                  "height": 376
                                },
                                "thumbnail": {
                                  "url": "https://bilder.kolonial.no/local_products/e5c5f72f-9db2-4c3c-8f0e-51604521830a.jpeg?auto=format\u0026fit=max\u0026w=62\u0026s=e34631017e9602d38a9fccfe36213c1d",
                                  "width": 233,
                                  "height": 376
                                },
                                "thumbnailTransparentBg": null,
                                "variant": "main"
                              }
                            }
                          },
                          {
                            "type": "list-item",
                            "data": {
                              "id": "1209",
                              "title": "Iskrem, kaker og kjeks",
                              "target": {
                                "resolvedPage": null,
                                "uri": "https://oda.com/no/categories/1209-iskrem-kaker-og-kjeks/",
                                "method": "push"
                              },
                              "images": [],
                              "description": null,
                              "totalItems": "366",
                              "totalPrice": null,
                              "trackingProperties": {
                                "location": "Megamenu",
                                "locationDetail": "Categories",
                                "locationId": null,
                                "locationType": null,
                                "listName": null,
                                "listId": null,
                                "listItemPosition": null,
                                "recipeListName": null,
                                "recipeListId": null,
                                "recipeListItemPosition": null,
                                "modelName": null,
                                "modelVariant": null,
                                "modelVersion": null,
                                "modelTimestamp": null,
                                "predictionVersion": null,
                                "predictionTimestamp": null,
                                "productCollection": null,
                                "purposeName": null,
                                "sourceUuid": null,
                                "builderSessionUuid": null,
                                "dinnerListContext": null,
                                "shoppingAssistantProperties": null,
                                "clickEvent": {
                                  "elementType": "list_item",
                                  "action": "navigate_to",
                                  "resourceType": "category",
                                  "resourceValue": "1209"
                                },
                                "bannerProperties": null,
                                "sponsoredProducts": null
                              },
                              "isPromoted": null,
                              "leadingImage": {
                                "large": {
                                  "url": "https://bilder.kolonial.no/produkter/dbb11db7-546a-41ff-8baa-c14e68b4b4b5.jpg?auto=format\u0026fit=max\u0026w=1000\u0026s=daf6128dd8d261d318929abf8cb59f29",
                                  "width": 3284,
                                  "height": 2195
                                },
                                "thumbnail": {
                                  "url": "https://bilder.kolonial.no/produkter/dbb11db7-546a-41ff-8baa-c14e68b4b4b5.jpg?auto=format\u0026fit=max\u0026w=100\u0026s=f358d2d4435114eb1a52f8bdbdf9ed57",
                                  "width": 3284,
                                  "height": 2195
                                },
                                "thumbnailTransparentBg": null,
                                "variant": "main"
                              }
                            }
                          },
                          {
                            "type": "list-item",
                            "data": {
                              "id": "67",
                              "title": "Sjokolade, snacks og godteri",
                              "target": {
                                "resolvedPage": null,
                                "uri": "https://oda.com/no/categories/67-sjokolade-snacks-og-godteri/",
                                "method": "push"
                              },
                              "images": [],
                              "description": null,
                              "totalItems": "432",
                              "totalPrice": null,
                              "trackingProperties": {
                                "location": "Megamenu",
                                "locationDetail": "Categories",
                                "locationId": null,
                                "locationType": null,
                                "listName": null,
                                "listId": null,
                                "listItemPosition": null,
                                "recipeListName": null,
                                "recipeListId": null,
                                "recipeListItemPosition": null,
                                "modelName": null,
                                "modelVariant": null,
                                "modelVersion": null,
                                "modelTimestamp": null,
                                "predictionVersion": null,
                                "predictionTimestamp": null,
                                "productCollection": null,
                                "purposeName": null,
                                "sourceUuid": null,
                                "builderSessionUuid": null,
                                "dinnerListContext": null,
                                "shoppingAssistantProperties": null,
                                "clickEvent": {
                                  "elementType": "list_item",
                                  "action": "navigate_to",
                                  "resourceType": "category",
                                  "resourceValue": "67"
                                },
                                "bannerProperties": null,
                                "sponsoredProducts": null
                              },
                              "isPromoted": null,
                              "leadingImage": {
                                "large": {
                                  "url": "https://bilder.kolonial.no/local_products/e981b948-b67e-438b-a76f-3a8a60805858.jpg?auto=format\u0026fit=max\u0026w=440\u0026s=4d718715e50d5267a04d79c0027557f9",
                                  "width": 440,
                                  "height": 752
                                },
                                "thumbnail": {
                                  "url": "https://bilder.kolonial.no/local_products/e981b948-b67e-438b-a76f-3a8a60805858.jpg?auto=format\u0026fit=max\u0026w=59\u0026s=be6f549fb2db155fccdeafa1aa55c3cb",
                                  "width": 440,
                                  "height": 752
                                },
                                "thumbnailTransparentBg": null,
                                "variant": "main"
                              }
                            }
                          },
                          {
                            "type": "list-item",
                            "data": {
                              "id": "73",
                              "title": "Baby og barn",
                              "target": {
                                "resolvedPage": null,
                                "uri": "https://oda.com/no/categories/73-baby-og-barn/",
                                "method": "push"
                              },
                              "images": [],
                              "description": null,
                              "totalItems": "278",
                              "totalPrice": null,
                              "trackingProperties": {
                                "location": "Megamenu",
                                "locationDetail": "Categories",
                                "locationId": null,
                                "locationType": null,
                                "listName": null,
                                "listId": null,
                                "listItemPosition": null,
                                "recipeListName": null,
                                "recipeListId": null,
                                "recipeListItemPosition": null,
                                "modelName": null,
                                "modelVariant": null,
                                "modelVersion": null,
                                "modelTimestamp": null,
                                "predictionVersion": null,
                                "predictionTimestamp": null,
                                "productCollection": null,
                                "purposeName": null,
                                "sourceUuid": null,
                                "builderSessionUuid": null,
                                "dinnerListContext": null,
                                "shoppingAssistantProperties": null,
                                "clickEvent": {
                                  "elementType": "list_item",
                                  "action": "navigate_to",
                                  "resourceType": "category",
                                  "resourceValue": "73"
                                },
                                "bannerProperties": null,
                                "sponsoredProducts": null
                              },
                              "isPromoted": null,
                              "leadingImage": {
                                "large": {
                                  "url": "https://bilder.kolonial.no/local_products/67f82a79-a6b6-4908-bcb7-98fb2fa69235.jpg?auto=format\u0026fit=max\u0026w=752\u0026s=0c722955728df32603ab37b2e90ebd09",
                                  "width": 752,
                                  "height": 752
                                },
                                "thumbnail": {
                                  "url": "https://bilder.kolonial.no/local_products/67f82a79-a6b6-4908-bcb7-98fb2fa69235.jpg?auto=format\u0026fit=max\u0026w=100\u0026s=35212fb9c8b0052cfabb179182cdf346",
                                  "width": 752,
                                  "height": 752
                                },
                                "thumbnailTransparentBg": null,
                                "variant": "main"
                              }
                            }
                          },
                          {
                            "type": "list-item",
                            "data": {
                              "id": "1190",
                              "title": "Trening",
                              "target": {
                                "resolvedPage": null,
                                "uri": "https://oda.com/no/categories/1190-trening/",
                                "method": "push"
                              },
                              "images": [],
                              "description": null,
                              "totalItems": "63",
                              "totalPrice": null,
                              "trackingProperties": {
                                "location": "Megamenu",
                                "locationDetail": "Categories",
                                "locationId": null,
                                "locationType": null,
                                "listName": null,
                                "listId": null,
                                "listItemPosition": null,
                                "recipeListName": null,
                                "recipeListId": null,
                                "recipeListItemPosition": null,
                                "modelName": null,
                                "modelVariant": null,
                                "modelVersion": null,
                                "modelTimestamp": null,
                                "predictionVersion": null,
                                "predictionTimestamp": null,
                                "productCollection": null,
                                "purposeName": null,
                                "sourceUuid": null,
                                "builderSessionUuid": null,
                                "dinnerListContext": null,
                                "shoppingAssistantProperties": null,
                                "clickEvent": {
                                  "elementType": "list_item",
                                  "action": "navigate_to",
                                  "resourceType": "category",
                                  "resourceValue": "1190"
                                },
                                "bannerProperties": null,
                                "sponsoredProducts": null
                              },
                              "isPromoted": null,
                              "leadingImage": {
                                "large": {
                                  "url": "https://bilder.kolonial.no/local_products/d8d4864e-bd1b-4761-851f-34405a7935e7.jpg?auto=format\u0026fit=max\u0026w=368\u0026s=8d64e0e4cc25e06a21fdba4d57455a5a",
                                  "width": 368,
                                  "height": 752
                                },
                                "thumbnail": {
                                  "url": "https://bilder.kolonial.no/local_products/d8d4864e-bd1b-4761-851f-34405a7935e7.jpg?auto=format\u0026fit=max\u0026w=49\u0026s=038b22e034381692ff9d138dbb727ad0",
                                  "width": 368,
                                  "height": 752
                                },
                                "thumbnailTransparentBg": null,
                                "variant": "main"
                              }
                            }
                          },
                          {
                            "type": "list-item",
                            "data": {
                              "id": "365",
                              "title": "Legemidler og helsekost",
                              "target": {
                                "resolvedPage": null,
                                "uri": "https://oda.com/no/categories/365-legemidler-og-helsekost/",
                                "method": "push"
                              },
                              "images": [],
                              "description": null,
                              "totalItems": "69",
                              "totalPrice": null,
                              "trackingProperties": {
                                "location": "Megamenu",
                                "locationDetail": "Categories",
                                "locationId": null,
                                "locationType": null,
                                "listName": null,
                                "listId": null,
                                "listItemPosition": null,
                                "recipeListName": null,
                                "recipeListId": null,
                                "recipeListItemPosition": null,
                                "modelName": null,
                                "modelVariant": null,
                                "modelVersion": null,
                                "modelTimestamp": null,
                                "predictionVersion": null,
                                "predictionTimestamp": null,
                                "productCollection": null,
                                "purposeName": null,
                                "sourceUuid": null,
                                "builderSessionUuid": null,
                                "dinnerListContext": null,
                                "shoppingAssistantProperties": null,
                                "clickEvent": {
                                  "elementType": "list_item",
                                  "action": "navigate_to",
                                  "resourceType": "category",
                                  "resourceValue": "365"
                                },
                                "bannerProperties": null,
                                "sponsoredProducts": null
                              },
                              "isPromoted": null,
                              "leadingImage": {
                                "large": {
                                  "url": "https://bilder.kolonial.no/local_products/65f53548-bdd4-48d4-8d8c-98ff0ad4d706.jpg?auto=format\u0026fit=max\u0026w=431\u0026s=7e9a5a1a9456da8a885560f972c61031",
                                  "width": 1670,
                                  "height": 3873
                                },
                                "thumbnail": {
                                  "url": "https://bilder.kolonial.no/local_products/65f53548-bdd4-48d4-8d8c-98ff0ad4d706.jpg?auto=format\u0026fit=max\u0026w=43\u0026s=8aaa9e2a8c2aac902232ed334c674648",
                                  "width": 1670,
                                  "height": 3873
                                },
                                "thumbnailTransparentBg": null,
                                "variant": "main"
                              }
                            }
                          },
                          {
                            "type": "list-item",
                            "data": {
                              "id": "1181",
                              "title": "Hygiene og skjønnhet",
                              "target": {
                                "resolvedPage": null,
                                "uri": "https://oda.com/no/categories/1181-hygiene-og-skjonnhet/",
                                "method": "push"
                              },
                              "images": [],
                              "description": null,
                              "totalItems": "361",
                              "totalPrice": null,
                              "trackingProperties": {
                                "location": "Megamenu",
                                "locationDetail": "Categories",
                                "locationId": null,
                                "locationType": null,
                                "listName": null,
                                "listId": null,
                                "listItemPosition": null,
                                "recipeListName": null,
                                "recipeListId": null,
                                "recipeListItemPosition": null,
                                "modelName": null,
                                "modelVariant": null,
                                "modelVersion": null,
                                "modelTimestamp": null,
                                "predictionVersion": null,
                                "predictionTimestamp": null,
                                "productCollection": null,
                                "purposeName": null,
                                "sourceUuid": null,
                                "builderSessionUuid": null,
                                "dinnerListContext": null,
                                "shoppingAssistantProperties": null,
                                "clickEvent": {
                                  "elementType": "list_item",
                                  "action": "navigate_to",
                                  "resourceType": "category",
                                  "resourceValue": "1181"
                                },
                                "bannerProperties": null,
                                "sponsoredProducts": null
                              },
                              "isPromoted": null,
                              "leadingImage": {
                                "large": {
                                  "url": "https://bilder.kolonial.no/local_products/0fe5a6f8-54cd-4fb2-b2c2-61633954ac96.jpg?auto=format\u0026fit=max\u0026w=389\u0026s=d18a275980407070aa7449df24d7eadc",
                                  "width": 2335,
                                  "height": 6000
                                },
                                "thumbnail": {
                                  "url": "https://bilder.kolonial.no/local_products/0fe5a6f8-54cd-4fb2-b2c2-61633954ac96.jpg?auto=format\u0026fit=max\u0026w=39\u0026s=45d134e86205c138dd227430b2356ec8",
                                  "width": 2335,
                                  "height": 6000
                                },
                                "thumbnailTransparentBg": null,
                                "variant": "main"
                              }
                            }
                          },
                          {
                            "type": "list-item",
                            "data": {
                              "id": "85",
                              "title": "Hus og hjem",
                              "target": {
                                "resolvedPage": null,
                                "uri": "https://oda.com/no/categories/85-hus-og-hjem/",
                                "method": "push"
                              },
                              "images": [],
                              "description": null,
                              "totalItems": "561",
                              "totalPrice": null,
                              "trackingProperties": {
                                "location": "Megamenu",
                                "locationDetail": "Categories",
                                "locationId": null,
                                "locationType": null,
                                "listName": null,
                                "listId": null,
                                "listItemPosition": null,
                                "recipeListName": null,
                                "recipeListId": null,
                                "recipeListItemPosition": null,
                                "modelName": null,
                                "modelVariant": null,
                                "modelVersion": null,
                                "modelTimestamp": null,
                                "predictionVersion": null,
                                "predictionTimestamp": null,
                                "productCollection": null,
                                "purposeName": null,
                                "sourceUuid": null,
                                "builderSessionUuid": null,
                                "dinnerListContext": null,
                                "shoppingAssistantProperties": null,
                                "clickEvent": {
                                  "elementType": "list_item",
                                  "action": "navigate_to",
                                  "resourceType": "category",
                                  "resourceValue": "85"
                                },
                                "bannerProperties": null,
                                "sponsoredProducts": null
                              },
                              "isPromoted": null,
                              "leadingImage": {
                                "large": {
                                  "url": "https://bilder.kolonial.no/local_products/af064a47-61fd-4f9a-817e-a07279a25938.jpeg?auto=format\u0026fit=max\u0026w=329\u0026s=03068935acf265c8b36b289712c927ae",
                                  "width": 329,
                                  "height": 376
                                },
                                "thumbnail": {
                                  "url": "https://bilder.kolonial.no/local_products/af064a47-61fd-4f9a-817e-a07279a25938.jpeg?auto=format\u0026fit=max\u0026w=88\u0026s=b437d5320b3006bd61b08fd6ee118a2a",
                                  "width": 329,
                                  "height": 376
                                },
                                "thumbnailTransparentBg": null,
                                "variant": "main"
                              }
                            }
                          },
                          {
                            "type": "list-item",
                            "data": {
                              "id": "128",
                              "title": "Dyr",
                              "target": {
                                "resolvedPage": null,
                                "uri": "https://oda.com/no/categories/128-dyr/",
                                "method": "push"
                              },
                              "images": [],
                              "description": null,
                              "totalItems": "128",
                              "totalPrice": null,
                              "trackingProperties": {
                                "location": "Megamenu",
                                "locationDetail": "Categories",
                                "locationId": null,
                                "locationType": null,
                                "listName": null,
                                "listId": null,
                                "listItemPosition": null,
                                "recipeListName": null,
                                "recipeListId": null,
                                "recipeListItemPosition": null,
                                "modelName": null,
                                "modelVariant": null,
                                "modelVersion": null,
                                "modelTimestamp": null,
                                "predictionVersion": null,
                                "predictionTimestamp": null,
                                "productCollection": null,
                                "purposeName": null,
                                "sourceUuid": null,
                                "builderSessionUuid": null,
                                "dinnerListContext": null,
                                "shoppingAssistantProperties": null,
                                "clickEvent": {
                                  "elementType": "list_item",
                                  "action": "navigate_to",
                                  "resourceType": "category",
                                  "resourceValue": "128"
                                },
                                "bannerProperties": null,
                                "sponsoredProducts": null
                              },
                              "isPromoted": null,
                              "leadingImage": {
                                "large": {
                                  "url": "https://bilder.kolonial.no/local_products/5a1db8dc-afc6-44e2-8df0-0dba9c7e5c06.jpg?auto=format\u0026fit=max\u0026w=617\u0026s=13229b79e9d9e7e13477054cab0482ff",
                                  "width": 617,
                                  "height": 800
                                },
                                "thumbnail": {
                                  "url": "https://bilder.kolonial.no/local_products/5a1db8dc-afc6-44e2-8df0-0dba9c7e5c06.jpg?auto=format\u0026fit=max\u0026w=77\u0026s=9bcfba5818241da497b4dfb8d0659b09",
                                  "width": 617,
                                  "height": 800
                                },
                                "thumbnailTransparentBg": null,
                                "variant": "main"
                              }
                            }
                          },
                          {
                            "type": "list-item",
                            "data": {
                              "id": "101",
                              "title": "Snus og tobakk",
                              "target": {
                                "resolvedPage": null,
                                "uri": "https://oda.com/no/categories/101-snus-og-tobakk/",
                                "method": "push"
                              },
                              "images": [],
                              "description": null,
                              "totalItems": "119",
                              "totalPrice": null,
                              "trackingProperties": {
                                "location": "Megamenu",
                                "locationDetail": "Categories",
                                "locationId": null,
                                "locationType": null,
                                "listName": null,
                                "listId": null,
                                "listItemPosition": null,
                                "recipeListName": null,
                                "recipeListId": null,
                                "recipeListItemPosition": null,
                                "modelName": null,
                                "modelVariant": null,
                                "modelVersion": null,
                                "modelTimestamp": null,
                                "predictionVersion": null,
                                "predictionTimestamp": null,
                                "productCollection": null,
                                "purposeName": null,
                                "sourceUuid": null,
                                "builderSessionUuid": null,
                                "dinnerListContext": null,
                                "shoppingAssistantProperties": null,
                                "clickEvent": {
                                  "elementType": "list_item",
                                  "action": "navigate_to",
                                  "resourceType": "category",
                                  "resourceValue": "101"
                                },
                                "bannerProperties": null,
                                "sponsoredProducts": null
                              },
                              "isPromoted": null,
                              "leadingImage": {
                                "large": {
                                  "url": "https://bilder.kolonial.no/local_products/c5fa1988-fa8e-49af-87d1-a8b0a61c3500.png?auto=format\u0026fit=max\u0026w=500\u0026s=faea700d80d9040bf96f0bdd9a8616d7",
                                  "width": 500,
                                  "height": 500
                                },
                                "thumbnail": {
                                  "url": "https://bilder.kolonial.no/local_products/c5fa1988-fa8e-49af-87d1-a8b0a61c3500.png?auto=format\u0026fit=max\u0026w=100\u0026s=bba4f0bb6e1ec751b33ab05a9b19e56e",
                                  "width": 500,
                                  "height": 500
                                },
                                "thumbnailTransparentBg": null,
                                "variant": "main"
                              }
                            }
                          }
                        ]
                      }
                    ]
                  },
                  "dataUpdateCount": 1,
                  "dataUpdatedAt": 1712945702365,
                  "error": null,
                  "errorUpdateCount": 0,
                  "errorUpdatedAt": 0,
                  "fetchFailureCount": 0,
                  "fetchFailureReason": null,
                  "fetchMeta": null,
                  "isInvalidated": false,
                  "status": "success",
                  "fetchStatus": "idle"
                },
                "queryKey": ["megaMenu"],
                "queryHash": "[\"megaMenu\"]"
              }
            ]
          },
          "subjectPages": {
            "pricing": {
              "pageSubject": "pricing",
              "slug": { "current": "lave-priser" },
              "title": "Lave priser, levert på døra"
            },
            "concept": {
              "pageSubject": "concept",
              "slug": { "current": "flyktninghjelpen" },
              "title": "Gi et hjem til jul!"
            },
            "organization": {
              "pageSubject": "organization",
              "slug": { "current": "organization" },
              "title": "Oda Bedrift"
            },
            "frequently_asked_questions": {
              "pageSubject": "frequently_asked_questions",
              "slug": { "current": "kundeservice" },
              "title": "Hjelp og kundeservice"
            },
            "unattended_delivery": {
              "pageSubject": "unattended_delivery",
              "slug": { "current": "levering-utenfor-doren" },
              "title": "Levering utenfor døren"
            },
            "bottle_deposits": {
              "pageSubject": "bottle_deposits",
              "slug": { "current": "pant-retur" },
              "title": "Vi tar med panten din"
            },
            "how_to_order": {
              "pageSubject": "how_to_order",
              "slug": { "current": "bestilling" },
              "title": "Sånn bestiller du"
            },
            "quality": {
              "pageSubject": "quality",
              "slug": { "current": "kvalitet" },
              "title": "Kvalitet og holdbarhetsgaranti"
            }
          },
          "__N_SSP": true
        },
        "page": "/[site]/products/[productSlug]",
        "query": {
          "site": "no",
          "productSlug": "29321-blue-dragon-panko-breadcrumbs"
        },
        "buildId": "21e48c23177bf13188bd3b10ecfa4495dd5d7749",
        "assetPrefix": "https://assets.oda.com",
        "runtimeConfig": {
          "DIXA_MESSENGER_ID": "0efbac7af5864aaaa1a3f98e714b8297",
          "NUBE_ENV": "prod",
          "TIENDA_HOSTNAME": "https://oda.com",
          "NEXT_PUBLIC_TIENDA_WEB_HOSTNAME": "",
          "NEXT_PUBLIC_RELEASE_ID": "21e48c23177bf13188bd3b10ecfa4495dd5d7749",
          "SNOWPLOW_APP_ID": "tienda",
          "SNOWPLOW_COLLECTOR_URL": "spc.oda.com",
          "TIENDA_WEB_HOSTNAME": "https://oda.com",
          "ADYEN_CLIENT_KEY": "live_RY7WZIMC5RDVNHSV7DJ3MMP5IQEFL5T5",
          "ADYEN_ENVIRONMENT": "live"
        },
        "isFallback": false,
        "gssp": true,
        "appGip": true,
        "scriptLoader": []
      }
    </script>
  </body>
</html>
